2788 5114
1245 377 1323 437 23

337 547 478 610 Hoc
528 554 618 610 est
669 548 866 611 mariti
933 548 1129 611 nobile
1195 549 1457 612 officium
1518 555 1579 611 et
1630 549 2005 633 privilegium
2024 599 2038 625 ‚
2113 571 2317 610 sexum

238 664 566 726 femineum
589 687 658 726 ac
679 665 987 750 praecipue
1018 688 1288 744 uxorem,
1320 688 1470 749 quae
1499 666 1614 751 ipsi
1647 666 1947 728 carissima
1977 688 2101 728 esse
2124 664 2319 742 debet,

240 779 454 843 tuendi
503 787 709 844 contra
745 803 979 844 omnem
1013 782 1293 865 injuriam
1319 781 1628 865 juribusve
1668 781 1857 866 ipsius
1903 781 2322 844 detrimentum

237 894 511 973 illatum,
579 897 679 959 sed
737 904 1112 983 praeceptum
1179 903 1268 961 est
1331 903 1565 961 tantum
1622 897 1839 959 morale
1912 897 2072 980 quod
2136 919 2325 982 poena

243 1011 466 1074 sanciri
509 1013 730 1095 nequit.
787 1011 884 1074 Ex
929 1035 1124 1076 amore
1168 1035 1287 1096 quo
1331 1013 1583 1077 maritus
1625 1035 1872 1076 uxorem
1916 1013 2087 1076 debet
2130 1036 2322 1078 amare

244 1129 519 1210 sequitur
582 1151 718 1192 eum
791 1131 917 1214 ejus
991 1131 1178 1193 vitam
1257 1152 1436 1214 quam
1509 1133 1763 1193 maxime
1837 1153 2043 1193 ornare
2119 1130 2324 1194 debere

245 1249 428 1326 atque
471 1245 660 1329 igitur
697 1245 897 1308 omnia
939 1246 1209 1331 praebere
1253 1268 1328 1308 ex
1371 1246 1758 1311 facultatibus
1803 1248 1942 1310 suis,
2013 1249 2325 1318 Quatenus

245 1359 364 1422 hoc
429 1361 702 1444 praebere
761 1360 970 1424 debeat
1020 1362 1294 1439 marituS‚
1360 1383 1543 1444 quum
1612 1363 1679 1424 in
1744 1361 1860 1425 hoc
1924 1384 2046 1424 non
2112 1384 2325 1424 conve-

245 1477 449 1540 nerint
516 1478 821 1562 conjuges,
872 1477 1061 1561 judex
1106 1477 1345 1540 difficile
1412 1483 1671 1541 statuere
1736 1483 1948 1562 potest.
2018 1478 2327 1541 Sententia

248 1580 512 1655 Concilii
573 1593 780 1656 Status
839 1593 1144 1669 Francici,
1213 1592 1307 1655 die
1369 1597 1446 1654 11
1497 1593 1539 1654 J
1542 1615 1632 1656 an.
1696 1597 1861 1656 1808
1889 1644 1902 1669 ,
1971 1593 2327 1656 auctoritate

249 1709 450 1772 munit
509 1709 885 1788 Ministrum,
943 1712 1047 1795 qui
1097 1719 1327 1796 praeest
1367 1711 1542 1775 rebus
1587 1711 1970 1789 militaribuS,
2029 1719 2100 1774 ut
2150 1712 2329 1775 tertia

247 1829 417 1910 parte
461 1825 824 1910 stipendium
864 1849 1126 1890 annuum
1172 1827 1467 1891 diminuat
1504 1827 1715 1892 militis
1760 1829 1863 1912 qui
1901 1828 2085 1891 hocce
2131 1827 2327 1890 officio

248 1965 376 2006 non
389 1944 689 2026 fungatur.
709 1942 957 2006 Civibus
974 1943 1213 2006 difficile
1228 1944 1518 2028 ejusmodi
1536 1944 1761 2028 aliquid
1779 1943 2207 2007 decernendum
2221 1948 2327 2005 est.

340 2060 472 2123 Art.
515 2065 640 2122 268
677 2060 850 2136 sinit,
889 2060 1192 2122 mulierem
1224 2061 1639 2123 alimentorum
1670 2061 1997 2123 subsidium
2032 2059 2330 2146 postulare

251 2176 500 2240 divortii
557 2176 664 2239 lite
722 2176 1044 2261 pendente,
1108 2197 1227 2258 quo
1293 2174 1561 2237 subsidio
1616 2199 1649 2237 a
1684 2175 1888 2258 judice
1955 2176 2288 2239 constituto
2314 2225 2328 2251 ,

251 2293 504 2356 maritus
563 2293 759 2356 officio
819 2292 1217 2376 obtemperare
1272 2291 1444 2354 debet
1495 2315 1679 2375 quum
1726 2315 1799 2354 ex
1843 2297 1950 2355 art.
2000 2297 2155 2368 280,
2204 2295 2322 2352 281

250 2417 314 2475 et
361 2414 486 2473 282
505 2460 518 2485 ‚
576 2411 736 2473 idem
778 2416 1152 2495 praeceptum
1203 2409 1357 2472 valet
1403 2417 1462 2472 et
1504 2417 1820 2496 postquam
1868 2411 2193 2475 divortium
2238 2417 2329 2473 est

247 2528 496 2591 factum.

341 2645 518 2707 Uxor
568 2667 703 2708 cum
763 2645 979 2707 marito
1041 2642 1380 2706 cohabitare
1432 2665 1699 2706 recusare
1742 2666 1863 2705 non
1904 2649 2102 2727 potest
2144 2664 2329 2725 quum

248 2757 579 2823 contendat
655 2759 934 2821 maritum
1019 2758 1340 2821 secundum
1420 2780 1554 2820 suas
1613 2757 1925 2821 facultates
1998 2757 2329 2821 subsidium

247 2874 526 2961 praebere
569 2896 689 2937 non
727 2896 927 2959 posse,
972 2881 1042 2938 ut
1086 2874 1451 2957 dijudicatur
1488 2896 1562 2936 ex
1593 2875 1887 2937 sententia
1917 2875 2133 2937 Curiae
2178 2874 2325 2938 Pro-

247 2990 488 3054 vinciae
534 2989 767 3051 Gelriae
809 2989 906 3051 1110
955 2995 990 3053 6
1037 2990 1186 3052 Juni
1244 2994 1427 3051 1849.

237 3324 411 3396 Art.
480 3322 641 3393 163.
707 3318 816 3392 De
851 3344 1108 3391 vrouw
1143 3320 1216 3391 al
1248 3321 1310 3391 is
1347 3320 1437 3417 zij
1474 3320 1648 3392 zelfs
1693 3320 1948 3391 buiten
1996 3343 2328 3416 gemeen-

351 3452 576 3549 schap
614 3478 757 3524 van
803 3451 1173 3549 goederen
1209 3450 1634 3549 getrouwd,
1673 3452 1759 3521 of
1780 3476 1924 3522 van
1961 3450 2327 3548 goederen

353 3584 792 3687 gescheiden
814 3642 830 3674 ,
866 3586 1012 3657 kan
1048 3582 1323 3655 zonder
1356 3581 1679 3680 bijstand
1715 3607 1859 3654 van
1895 3582 2119 3655 haren
2155 3609 2330 3654 man

351 3723 431 3793 in
497 3718 587 3791 de
642 3719 846 3805 akte,
902 3718 987 3788 of
1042 3716 1317 3788 zonder
1379 3714 1566 3811 zijne
1639 3714 2109 3812 schriftelijke
2179 3726 2327 3789 toe-

349 3818 786 3946 stemming,
840 3849 1030 3921 niets
1083 3871 1316 3944 geven
1339 3903 1354 3933 ,
1400 3846 1958 3931 vervreemden‚
2022 3872 2326 3944 verpan—

355 3984 540 4073 den,
594 3980 1044 4078 verkrijgen,
1095 3978 1308 4075 hetzij
1365 4004 1549 4050 voor
1592 3978 1783 4066 niet,
1835 3979 2048 4076 hetzij
2097 3979 2330 4053 onder

353 4140 587 4189 0011011
644 4111 1170 4186 bezwarenden
1225 4111 1407 4181 titel.

459 4248 722 4321 Indien
779 4246 868 4318 de
928 4271 1100 4317 man
1154 4244 1338 4340 zijne
1374 4269 1632 4316 vrouw
1668 4244 1865 4315 heeft
1899 4242 2331 4339 gemagtigd
