2788 5114
1219 316 1292 376 11

206 506 240 532 ν’
265 503 406 545 eam
475 483 842 549 audiendam.
907 486 1008 549 Ita
1065 485 1262 549 Divus
1321 485 1565 549 Marcus
1628 485 1931 570 rescripsit
1993 485 2292 548 Antoniae

207 624 241 647 ν
266 596 606 663 Montanae
640 602 706 664 in
743 601 888 666 haec
931 602 1107 667 verba
1137 603 1239 666 sed
1281 609 1344 667 et
1382 608 1675 687 quantum
1719 601 1833 667 tibi
1875 601 2289 665 alimentorum

205 740 241 768 n
265 715 516 779 nomine
533 766 548 791 ,
605 716 821 801 quibus
857 719 1185 781 necessario
1227 718 1411 782 filiam
1456 723 1623 781 tuam
1679 717 2005 782 exhibuisti
2050 740 2085 779 a
2126 722 2291 801 patre

205 857 242 885 n
267 832 321 915 ej
329 854 402 894 us
437 835 720 918 praestari
760 841 1030 920 oporteat
1063 835 1296 919 judices
1348 835 1775 913 aestimabunt3
1826 857 1937 898 nec
1977 834 2292 919 impetrare

207 974 243 1002 n
270 947 450 1012 debes
492 971 589 1026 ea,
646 972 796 1033 quae
845 951 1121 1035 exigente
1170 956 1437 1015 materno
1498 953 1717 1015 affectu
1778 952 1845 1013 in
1895 950 2077 1014 filiam
2122 955 2289 1013 tuam

207 1089 244 1119 et
266 1070 588 1149 erogatura
628 1087 780 1129 esses
817 1065 1048 1129 etiamsi
1103 1088 1137 1129 a
1177 1071 1345 1151 patre
1404 1088 1513 1129 suo
1580 1065 1943 1129 educeretur.
1969 1092 1999 1141 (t

300 1178 590 1243 Decrevit
638 1202 872 1264 quoque
914 1180 1218 1266 legislator
1260 1180 1378 1245 1100
1422 1181 1783 1266 principium
1818 1181 2009 1245 valere
2044 1182 2094 1245 si
2134 1180 2289 1245 bona

198 1300 482 1380 separata
517 1301 659 1359 sunt
701 1295 794 1359 vel
827 1297 1071 1381 nuptiae
1094 1295 1357 1359 divortio
1397 1295 1743 1375 dissolutae,
1767 1319 1900 1360 nam
1926 1298 1992 1361 in
2028 1303 2134 1361 art.
2161 1302 2285 1361 248

201 1412 368 1477 dicit
429 1440 461 1471 n
478 1413 1026 1497 niettegenstaande
1083 1413 1154 1476 de
1211 1412 1524 1497 scheiding
1584 1435 1697 1477 van
1753 1414 2044 1498 goederen
2059 1464 2075 1492 ‚
2119 1415 2173 1477 is
2218 1413 2291 1477 de

209 1558 244 1585 n
267 1552 476 1594 vrouw
518 1528 774 1614 verph‘gt
813 1550 910 1591 om
930 1578 948 1606 ‚
982 1550 1124 1591 naar
1157 1526 1611 1613 evenredjgheid
1650 1550 1764 1592 van
1791 1528 1935 1592 haar
1972 1550 2289 1613 vermogen

207 1675 243 1705 n
265 1670 346 1712 en
392 1647 494 1711 dat
536 1668 650 1709 van
693 1643 876 1709 haren
917 1666 1056 1707 man
1097 1644 1178 1728 bij
1227 1649 1286 1708 te
1317 1645 1568 1729 dmgen,
1592 1671 1623 1701 n
1663 1650 1773 1708 etc.
1819 1650 1879 1709 et
1922 1646 1986 1707 in
2026 1652 2132 1709 art.
2158 1650 2281 1710 285

203 1764 242 1845 ᾧ
283 1766 323 1825 2
363 1788 396 1818 n
414 1783 488 1824 en
519 1760 711 1824 zullen
749 1760 988 1824 daartoe
1018 1782 1158 1823 naar
1187 1758 1643 1845 evenredigheid
1666 1783 1781 1823 van
1817 1758 1943 1823 hun
1967 1782 2284 1846 vermogen

207 1905 243 1935 rt
265 1883 508 1941 moeten
543 1876 622 1961 bij
631 1876 865 1960 dragen.
889 1903 921 1935 a

295 1993 400 2053 An
442 1989 559 2054 1100
600 2012 835 2074 quoque
887 1989 1043 2054 valet
1089 1990 1141 2053 si
1184 1990 1280 2053 avi
1330 1995 1574 2075 nepotes
1610 1990 1897 2067 educant,
1932 1990 2133 2055 liberis
2161 1993 2286 2077 jam

199 2108 466 2172 mortuis
524 2107 617 2171 vel
666 2106 1064 2193 pauperibus?
1113 2129 1187 2169 ex
1229 2106 1503 2192 analogia
1559 2108 1931 2171 affirmamus.
1978 2110 2110 2173 Art.
2159 2114 2285 2175 376

191 2223 377 2309 jubet
418 2222 634 2286 liberos
697 2222 1039 2307 parentibus
1091 2224 1338 2306 aliisque
1393 2224 1876 2287 adecemlentz‘bus
1934 2223 2287 2311 pauperibus

203 2339 495 2403 alimenta
536 2346 841 2424 praestare.
895 2340 1026 2402 Art.
1074 2342 1198 2403 378
1244 2337 1360 2402 hoc
1406 2341 1667 2403 officium
1713 2341 1786 2405 ab
1829 2347 2079 2427 utraque
2121 2348 2287 2427 parte

207 2456 634 2543 praestandum
679 2454 844 2519 dicit.
875 2455 942 2517 Si
986 2455 1174 2540 igitur
1217 2478 1370 2519 unus
1408 2478 1483 2519 ex
1512 2456 2003 2521 adscendentibus
2040 2465 2287 2544 rogatur

203 2581 281 2639 ut
325 2574 607 2638 alimenta
649 2575 888 2659 pauperi
933 2574 1136 2659 nepoti
1178 2581 1465 2660 praestet,
1517 2581 1647 2640 tum
1688 2599 1989 2641 censemus
2028 2601 2165 2642 eum
2208 2601 2283 2642 ex

202 2691 328 2756 1100
359 2691 611 2755 articulo
649 2712 880 2754 summo
908 2691 1043 2775 jure
1074 2714 1107 2754 a
1137 2692 1267 2776 conj
1275 2715 1389 2778 nge
1418 2693 1718 2778 postulare
1744 2715 1915 2779 posse
1946 2701 2016 2758 ut
2053 2702 2285 2759 sumtus

204 2808 285 2873 ab
307 2813 558 2891 utraque
587 2812 754 2892 parte
774 2807 838 2869 in
868 2806 978 2871 hos
1009 2808 1345 2872 educandos
1375 2810 1770 2874 conferantur.
1803 2811 1887 2874 Et
1907 2810 2024 2875 hoc
2045 2834 2283 2896 quoque

203 2923 370 2988 valet
426 2923 587 3008 quod
624 2922 699 2986 ad
734 2921 948 2986 liberos
994 2924 1289 2988 naturales
1326 2931 1387 2988 et
1427 2924 1826 3011 legitimatos3
1873 2927 1943 2990 cf.
1990 2932 2097 2991 art.
2138 2930 2279 2991 383.

201 3150 368 3223 Art.
411 3150 574 3222 160.
606 3147 714 3221 De
749 3174 920 3221 man
949 3149 1008 3221 is
1046 3148 1172 3222 het
1205 3149 1432 3223 hoofd
1461 3149 1593 3222 der
1619 3151 2278 3252 echtvereeniging.

413 3281 544 3353 Als
599 3280 960 3379 zoodanig
1021 3283 1348 3355 verleent
1409 3282 1506 3380 hij
1572 3309 1710 3356 aan
1772 3283 1961 3381 zijne
2020 3309 2279 3357 vrouw

309 3411 632 3510 bijstand
708 3412 786 3483 in
845 3423 1134 3510 regten,
1195 3415 1281 3486 of
1335 3414 1733 3512 verschijnt
1784 3414 2040 3488 aldaar
2098 3441 2282 3489 voor

305 3546 520 3636 haar,
556 3546 984 3626 behoudens
1031 3546 1123 3620 de
1176 3547 1787 3646 uitzonderingen
1840 3548 2095 3621 hierna
2130 3573 2278 3622 om-

308 3679 678 3753 schreven.

407 3811 530 3909 Hij
567 3812 908 3885 bestuurt
953 3809 1045 3885 de
1087 3809 1455 3910 goederen
1502 3835 1639 3884 aan
1688 3809 1780 3883 de
1824 3833 2079 3883 vrouw
2113 3835 2271 3908 per-

306 3944 623 4041 soonlijk
675 3942 1268 4018 toebehoorende
1311 3942 1527 4042 tenzij
1584 3943 1711 4016 het
1753 3942 2141 4040 tegendeel
2185 3943 2273 4042 zij

306 4077 716 4176 bedongen.

411 4206 531 4305 Hij
561 4218 762 4282 moet
791 4207 910 4280 die
945 4205 1313 4304 goederen
1350 4208 1458 4279 als
1489 4231 1621 4280 een
1658 4206 1850 4306 goed
1877 4207 2279 4281 huisvader
