2788 5114
1504 340 1583 399 22

504 509 760 593 recipere
791 514 852 570 et
880 509 983 591 qui
1024 509 1451 573 condemnatus
1483 512 1559 573 ad
1587 510 1989 595 recipiendum
2019 530 2223 571 rursus
2259 510 2604 591 recusavit,

507 626 932 688 condemnatus
992 633 1082 689 est
1141 626 1216 689 ad
1274 626 1509 689 mulieri
1568 626 1897 713 postulanti
1959 632 2029 690 ut
2091 627 2145 689 vi
2206 626 2271 689 in
2338 626 2601 689 domum

505 741 818 804 duceretur
862 764 1117 803 annuam
1169 765 1460 806 summam
1516 748 1681 807 2400
1729 744 2067 807 francorum
2113 744 2475 807 solvendam.

593 859 710 921 Sed
753 858 854 921 hic
896 858 1069 922 nobis
1112 860 1380 941 quaestio
1425 862 1689 924 occurrit
1732 884 1808 923 an
1853 862 2177 925 divortium
2225 862 2348 946 peti
2392 860 2601 946 possit

503 978 569 1039 in
589 976 871 1039 maritum
895 997 967 1038 ex
993 976 1322 1039 desertione
1351 976 1677 1055 malitiosa,
1708 979 1873 1062 quia,
1904 979 2175 1062 quamvis
2206 978 2497 1041 manserit
2528 978 2599 1040 in

506 1093 682 1155 domo
735 1093 1067 1171 communi,
1125 1115 1372 1156 uxorem
1422 1101 1620 1158 tamen
1680 1095 1974 1180 expulerit
2036 1095 2130 1158 vel
2180 1118 2309 1157 03111
2359 1096 2598 1158 intrare

501 1212 874 1275 recusaverit.
906 1212 1275 1275 Affirmanda
1303 1211 1475 1275 nobis
1506 1212 1756 1276 videtur.
1794 1212 1997 1275 Primo
2044 1211 2265 1275 obtutu
2307 1212 2593 1296 neganda

506 1327 834 1407 videretur,
865 1329 1007 1412 quia
1050 1351 1124 1391 ex
1176 1329 1430 1392 articulo
1482 1330 1744 1392 maximo
1789 1331 1924 1413 jure
1968 1330 2090 1414 peti
2128 1336 2343 1414 posset,
2396 1352 2593 1412 quum

502 1442 605 1506 ille
662 1445 987 1529 conjugum
1051 1444 1154 1528 qui
1217 1444 1394 1507 domo
1455 1446 1756 1508 communi
1816 1445 2031 1509 relictu
2095 1452 2425 1529 perseveret
2496 1467 2592 1507 re-

507 1560 767 1623 cusando
812 1561 885 1624 ad
945 1561 1192 1625 alterum
1253 1562 1473 1639 redire,
1532 1561 1647 1625 hoc
1706 1564 1879 1625 uxori
1946 1562 2123 1625 licere
2189 1584 2311 1625 non
2382 1569 2595 1647 posset

507 1676 650 1760 quia
691 1676 838 1740 haec
873 1678 938 1739 in
985 1678 1160 1741 domo
1199 1679 1501 1741 communi
1545 1700 1668 1740 11011
1711 1685 1802 1742 est
1825 1729 1839 1755 ,
1887 1684 2063 1761 atque
2110 1680 2143 1761 ᾧ
2195 1683 2232 1740 2
2279 1685 2387 1741 art.
2460 1683 2593 1741 266

505 1794 816 1878 praecipit,
848 1800 1078 1878 tempus
1117 1794 1427 1857 definitum
1462 1816 1691 1886 currere
1713 1794 1852 1857 inde
1876 1816 1950 1857 ex
1970 1801 2272 1858 momento
2296 1815 2417 1897 qup
2442 1817 2593 1857 0011-

491 1910 614 1995 jux
651 1910 894 1987 domum
928 1910 1234 1994 reliquerit
1270 1933 1645 1974 communem
1669 1916 1738 1974 ut
1767 1916 2001 1995 tempus
2024 1910 2153 1995 lege
2178 1912 2586 1975 constitutum

500 2028 761 2113 incipere
782 2050 905 2091 non
925 2030 1114 2113 possit
1135 2029 1200 2090 in
1223 2030 1504 2092 maritum
1520 2029 1623 2111 qui
1649 2028 1809 2091 domi
1833 2029 2192 2092 remanserit.
2218 2028 2417 2091 Nobis
2448 2050 2588 2092 vero

507 2141 877 2206 haerationes
922 2145 1111 2229 magis
1155 2145 1283 2229 ipsa
1324 2144 1474 2229 legis
1518 2144 1694 2207 verba
1730 2145 2008 2208 videntur
2038 2145 2363 2228 exprimere
2407 2167 2591 2227 quam

508 2258 658 2343 legis
681 2267 955 2324 naturam
978 2268 1154 2345 atque
1177 2260 1276 2325 hic
1298 2284 1421 2324 non
1445 2284 1617 2325 verus
1640 2284 1844 2324 sensus
1876 2260 2224 2323 desertionis
2254 2260 2591 2323 malitiosae

507 2375 760 2440 videtur.
804 2378 1018 2441 Potius
1062 2379 1355 2442 credimus
1393 2402 1523 2442 eam
1568 2385 1715 2443 tunc
1759 2378 1991 2455 adesse,
2021 2400 2207 2461 quum
2237 2400 2395 2440 unus
2442 2400 2587 2441 0011-

497 2493 714 2577 jugum
752 2516 889 2556 cum
919 2494 1101 2559 altero
1145 2496 1342 2557 vivere
1382 2500 1615 2559 recuset
1659 2500 1721 2560 et
1763 2492 2103 2557 cohabitare
2118 2544 2131 2570 ‚
2177 2515 2369 2578 neque
2412 2494 2589 2559 nobis

509 2608 956 2694 dijudicandum
1015 2611 1250 2674 videtur
1293 2615 1427 2675 uter
1471 2612 1719 2677 ultimus
1780 2613 1941 2675 domi
2006 2613 2357 2675 remanserit
2421 2611 2585 2694 quod

508 2731 569 2789 et
613 2727 870 2789 maxime
913 2734 1154 2812 apparet
1197 2751 1272 2791 ex
1313 2727 1493 2813 hujus
1537 2729 1701 2791 modi
1745 2727 1997 2792 historia
2040 2729 2109 2811 ³).

597 2843 714 2907 Sed
756 2843 989 2906 evenire
1046 2849 1246 2928 potest
1302 2850 1372 2907 ut
1430 2866 1583 2907 uxor
1642 2844 1805 2907 dives
1862 2844 2093 2908 habitet
2145 2845 2388 2907 domum
2446 2866 2585 2929 pro-

506 2963 696 3047 priam
739 2985 903 3026 suam
921 3012 936 3039 ,
979 2961 1195 3025 marito
1253 2961 1408 3025 nihil
1465 2961 1816 3047 possidente.
1878 2963 1979 3024 An
2034 2966 2183 3024 tunc
2234 2983 2388 3023 uxor
2448 2983 2585 3024 eum

507 3081 766 3165 recipere
825 3079 1012 3143 debet.
1074 3079 1216 3142 Sine
1269 3078 1451 3142 dubio
1497 3078 1908 3142 affirmandum
1950 3078 2122 3142 nobis
2168 3077 2419 3142 videtur.
2465 3079 2579 3140 Le-

509 3195 760 3280 gislator
816 3193 918 3257 1110
961 3199 1196 3258 tantum
1259 3217 1463 3257 casum
1504 3195 1835 3279 generalem
1880 3195 2143 3259 ostendit
2187 3202 2365 3281 atque
2417 3218 2577 3280 prae—

512 3319 751 3398 ceptum
795 3317 884 3374 est
921 3311 1368 3375 enunciativum
1402 3333 1525 3373 non
1561 3310 1977 3388 limitativum‚
2013 3313 2254 3397 insuper
2299 3314 2579 3396 conjuges

511 3429 624 3493 sibi
685 3427 898 3492 debent
957 3424 1249 3490 auxilium
1307 3433 1366 3491 et
1425 3427 1758 3492 subsidium
1807 3433 1868 3491 et
1924 3427 2139 3490 mulier
2183 3451 2321 3490 cum
2365 3427 2575 3491 marito

513 3545 850 3610 cohabitare
895 3542 1081 3607 debet.

601 3663 728 3748 Hip
771 3663 826 3722 is
863 3661 1166 3742 yekouden
1209 3661 1360 3722 haar
1404 3667 1462 3722 te
1506 3662 1865 3722 besekermen
1908 3683 1981 3722 en
2024 3662 2175 3723 haar
2225 3662 2293 3722 al
2349 3663 2578 3741 ltetqeen

511 3780 718 3861 noodiy
751 3779 806 3839 is
823 3827 838 3854 ‚
869 3778 1106 3858 volqem
1134 3778 1340 3863 zz'jnen
1368 3785 1532 3840 staat
1554 3801 1627 3840 en
1646 3779 1777 3864 ziqn
1798 3801 2099 3859 vermoqen
2122 3786 2183 3840 te
2201 3781 2573 3864 verschaffen.

599 4037 641 4108 3)
689 4033 771 4090 Cf.
819 4033 1039 4106 Vragen
1082 4052 1189 4089 van
1233 4032 1651 4090 Nederlandsch
1683 4037 1804 4106 regt
1835 4032 2194 4089 beantwoord
2226 4032 2367 4088 door
2398 4033 2577 4106 eenige

688 4133 1162 4190 Amsterdamsche
1233 4134 1780 4208 RegtsbeoefenaarS.
1872 4133 2105 4190 Tweede
2179 4134 2575 4207 verzameling‚

683 4232 1063 4299 Amsterdam,
1115 4236 1210 4288 40.
