2788 5114
1454 316 1536 374 34

456 487 649 551 thoro,
717 487 892 548 Tunc
942 485 1108 548 illam
1153 507 1221 547 ea
1280 486 1637 550 auctoritate
1696 485 1963 570 indigere
2025 505 2333 547 censemus
2396 505 2549 545 nam

455 611 563 670 art.
620 608 740 668 297
799 603 948 668 dicit
994 630 1004 666 :
1073 631 1102 658 n
1130 604 1276 667 door
1326 603 1640 689 scheiding
1692 627 1806 667 van
1859 604 2004 668 tafel
2050 626 2123 666 en
2177 602 2292 666 bed
2342 601 2551 665 wordt

463 749 492 777 n
520 719 624 784 het
665 719 948 803 huwelijk
990 719 1118 783 niet
1161 720 1504 784 ontbonden
1522 771 1536 797 ,
1591 742 1753 783 maar
1806 724 1925 803 ziJn
1978 719 2049 782 de
2100 718 2548 802 echtgenooten

464 866 493 892 n
523 836 812 901 daardoor
854 858 966 899 van
1014 836 1086 898 de
1129 835 1493 921 verpligting
1536 842 1631 900 tot
1684 837 2129 920 zamenwoning
2172 834 2479 898 ontheven
2513 862 2544 890 n

456 954 599 1036 quia
635 958 832 1016 autem
871 973 1022 1014 uxor
1056 952 1216 1015 facto
1251 951 1621 1014 matrimonii
1656 951 1941 1014 facultate
1979 950 2175 1014 standi
2212 950 2275 1012 in
2300 950 2547 1034 judicio

458 1075 618 1134 caret
660 1076 836 1153 atque
877 1068 994 1132 hoc
1035 1069 1102 1130 in
1147 1090 1287 1131 casu
1331 1068 1778 1130 matrimonium
1824 1091 1945 1130 non
2002 1067 2237 1131 tollitur
2280 1089 2354 1129 ex
2395 1065 2551 1130 inde

461 1188 730 1270 sequitur
773 1207 902 1248 eam
944 1183 1290 1248 facultatem
1336 1185 1390 1246 ei
1436 1206 1559 1246 non
1602 1184 1785 1248 reddi.

461 1413 619 1484 Art.
662 1412 824 1482 166.
860 1409 974 1482 De
1009 1408 1334 1506 bijstand
1370 1434 1516 1480 van
1556 1409 1700 1482 den
1734 1435 1907 1482 man
1945 1411 2007 1481 is
2040 1409 2199 1482 niet
2230 1408 2549 1506 noodig:

573 1547 646 1614 1ο
680 1566 1026 1614 wanneer
1087 1540 1179 1613 de
1235 1565 1498 1611 vrouw
1557 1515 1635 1611 in
1700 1542 2109 1613 strafzaken
2181 1540 2552 1639 vervolgd

677 1674 950 1762 wordt3

568 1809 643 1877 2⁰
677 1805 754 1875 in
793 1829 969 1876 eene
1003 1803 1609 1903 regtsvordering
1646 1815 1759 1876 tot
1806 1803 2383 1902 echtscheiding,
2427 1812 2553 1874 tot

685 1935 1068 2032 scheiding
1103 1960 1250 2006 van
1286 1937 1463 2008 tasel
1501 1963 1592 2008 en
1627 1937 1773 2010 bed
1809 1939 1893 2010 of
1916 1963 2061 2008 van
2096 1936 2488 2034 goederen.

568 2185 647 2247 W
637 2207 848 2246 anneer
891 2187 964 2246 de
1005 2207 1198 2247 vrouw
1242 2187 1309 2247 in
1352 2186 1705 2270 strafzalcen
1747 2189 2027 2268 vmolqd
2062 2189 2259 2250 wordt.
2306 2186 2447 2249 Hoc
2484 2188 2554 2249 in

463 2324 604 2367 casu
658 2307 920 2387 potestas
983 2301 1272 2365 maritalis
1286 2351 1302 2379 ,
1362 2324 1513 2385 quae
1570 2301 1915 2366 facultatem
1972 2303 2147 2365 uxori
2201 2302 2439 2387 praebet
2486 2301 2553 2362 in

455 2421 686 2505 judicio
723 2419 950 2494 standi,
990 2419 1148 2482 cedit
1186 2419 1518 2483 commodis
1555 2418 1824 2504 publicis,
1857 2420 1923 2482 Si
1956 2417 2102 2481 haec
2132 2420 2402 2503 exceptio
2422 2440 2555 2482 non

463 2544 612 2616 erat,
635 2542 766 2600 tum
789 2560 1014 2622 semper
1051 2537 1179 2599 viro
1215 2535 1420 2601 liceret
1454 2536 1925 2621 persecutionem
1948 2535 2273 2600 Ministerii
2310 2536 2554 2601 Publici

462 2655 670 2719 tollere
686 2705 701 2730 ‚
758 2654 898 2739 quia
939 2674 1242 2737 nunquam
1286 2652 1632 2716 facultatem
1693 2676 1861 2716 suam
1922 2654 2087 2717 daret
2146 2659 2205 2717 et
2273 2653 2553 2717 mulieres

463 2775 684 2855 nuptae
749 2769 836 2832 ita
921 2769 1161 2853 impune
1249 2769 1473 2831 crimen
1540 2770 1995 2833 committerent.
2091 2769 2553 2855 Perspicuitatis

467 2909 644 2950 causa
686 2884 1011 2970 optandum
1049 2892 1175 2947 erat
1211 2890 1281 2947 ut
1317 2884 1417 2947 hic
1454 2885 1748 2969 legeretur
1774 2913 1782 2950 :
1830 2915 1861 2940 u
1887 2909 2118 2973 wegens
2162 2885 2551 2971 overtreding

474 3032 504 3061 n
531 3024 703 3066 eener
744 3002 1006 3065 strafwet
1034 3027 1065 3057 υ
1113 3006 1183 3064 ut
1227 3007 1436 3064 auctor
1490 3003 1943 3066 adnotationum
1995 3003 2061 3065 in
2113 3002 2395 3065 Codicem
2442 3002 2552 3065 Ci-

469 3122 646 3185 vilem
688 3120 753 3182 in
800 3118 1010 3181 Diario
1056 3118 1480 3203 Regtsgeleerd
1526 3119 1765 3202 Bijblad
1812 3120 1857 3202 ¹)
1896 3119 2023 3203 jam
2066 3118 2315 3182 notavit.

561 3235 906 3311 Mulierem,
944 3255 1093 3319 quae
1121 3234 1421 3317 judicium
1457 3256 1574 3319 quo
1612 3235 1819 3298 absens
1860 3236 2284 3298 condemnetur
2324 3235 2412 3318 (in
2442 3256 2555 3297 een

471 3353 682 3417 vonnis
726 3353 806 3435 bij
854 3351 1090 3415 verstek
1132 3361 1429 3435 gewezen)
1474 3352 1823 3437 impugnare
1860 3353 2023 3429 vult,
2066 3353 2332 3437 indigere
2360 3352 2557 3416 facul-

468 3476 593 3533 tate
629 3468 830 3531 mariti
867 3490 942 3530 ex
978 3473 1180 3531 nostra
1217 3470 1514 3532 sententia
1550 3470 1702 3532 male
1741 3469 1915 3533 docet
1954 3492 2113 3533 cons,
2155 3469 2451 3555 Diephuis
2482 3472 2555 3553 2).

472 3586 651 3649 Nova
702 3586 860 3648 enim
890 3607 1012 3647 non
1063 3583 1384 3649 inchoatur
1427 3585 1531 3663 lis,
1581 3586 1685 3648 sed
1713 3586 1916 3649 eadem
1962 3588 2381 3663 continuatur,
2436 3610 2559 3670 qua

470 3702 682 3765 mulier
715 3724 814 3764 rea
850 3707 1048 3765 manet
1084 3724 1267 3786 quum
1313 3709 1373 3766 et
1404 3703 1642 3788 insuper
1680 3726 1715 3765 a
1751 3704 1948 3765 mariti
1990 3702 2301 3766 arbitraria
2338 3704 2557 3767 volun-

467 3825 594 3883 tate
638 3818 916 3904 penderet
967 3841 1042 3882 an
1095 3842 1245 3882 uxor
1297 3820 1690 3884 condemnata
1742 3826 2003 3883 maneret
2058 3820 2147 3883 vel
2200 3820 2559 3906 appellando

561 4061 605 4131 1)
649 4057 789 4113 Deel
833 4057 928 4112 IV.
983 4061 1117 4113 509.

557 4192 602 4271 ²)
649 4217 698 4253 0.
746 4197 781 4253 l.
831 4198 876 4253 Ι.
929 4201 1066 4254 380.
