2788 5114
1506 342 1588 401 46

504 511 646 575 licet
703 512 830 576 sine
881 533 1171 576 consensu
1229 510 1545 577 tribunalis
1602 516 1663 575 et
1706 516 1906 575 tamen
1948 508 2089 573 haee
2130 514 2397 594 potestas
2438 530 2580 571 con-

508 628 638 692 cedi
699 627 871 692 debet
925 628 1161 692 mulieri
1220 628 1324 692 sed
1391 628 1797 691 consentiente
1862 624 2149 690 tribunali
2216 629 2277 688 et
2343 624 2583 708 quidem

501 744 693 808 verbis
735 744 1058 830 perspicuis
1103 749 1210 809 art.
1260 748 1382 807 180
1435 744 1505 826 4).
1552 743 1677 807 Hic
1733 764 2053 806 consensus
2096 741 2412 806 tribunalis
2460 763 2583 804 non

501 860 866 925 necessarius
908 865 998 925 est
1014 910 1030 939 ‚
1072 883 1258 945 quum
1315 861 1567 924 maritus
1624 860 1871 924 tertium
1922 860 2281 922 auctoritate
2324 858 2581 921 munivit

502 998 748 1040 uxorem
795 977 861 1039 in
916 977 992 1040 iis
1048 977 1223 1041 factis
1283 975 1613 1039 auxiliandi
1670 976 1736 1038 in
1786 973 2004 1059 quibus
2048 973 2274 1037 auxilio
2320 973 2445 1056 ejus
2488 971 2579 1035 in-

502 1090 684 1175 digat.
745 1092 888 1154 Non
947 1097 1146 1155 tamen
1205 1091 1436 1176 indiget
1492 1090 1706 1154 mulier
1746 1094 1817 1153 ut
1875 1088 2251 1152 administret
2308 1095 2579 1153 contrac-

501 1212 717 1290 tusque
737 1206 926 1282 ineat,
947 1205 996 1267 si
1019 1204 1296 1283 maritus,
1333 1210 1647 1288 antequam
1678 1204 1977 1289 profectus
2005 1203 2104 1280 sit,
2133 1224 2262 1266 eam
2294 1204 2581 1288 expressis

505 1320 696 1385 verbis
718 1320 833 1385 scri
835 1321 956 1406 ptis
979 1320 1336 1384 auctoritate
1356 1320 1618 1384 munivit
1638 1322 1781 1404 quia
1801 1326 1948 1383 tunc
1970 1320 2340 1384 mandataria
2362 1320 2492 1405 agit
2512 1314 2576 1401 5).

588 1437 824 1501 Ultimo
887 1438 1022 1501 loco
1087 1439 1356 1523 quaestio
1424 1438 1597 1502 nobis
1656 1444 1747 1501 est
1804 1438 2116 1503 tractanda
2173 1461 2249 1501 an
2264 1489 2281 1516 ‚
2342 1438 2579 1502 absente

501 1557 719 1620 marito
737 1607 752 1633 ‚
809 1556 999 1641 judex
1065 1578 1419 1620 consensum
1477 1556 1712 1621 mulieri
1777 1556 2050 1643 praebere
2113 1558 2305 1643 possit
2328 1607 2343 1635 ‚
2386 1563 2457 1621 ut
2500 1558 2579 1621 sit

501 1673 820 1737 mercatrix
847 1672 1099 1759 publica.
1135 1672 1306 1736 Haec
1347 1673 1619 1757 quaestio
1656 1672 1856 1758 gravis
1900 1678 1993 1736 est
2027 1674 2171 1756 quia
2216 1675 2250 1756 ᾧ
2284 1674 2577 1739 secundus

503 1795 609 1853 art.
639 1794 760 1854 168
803 1790 968 1868 dicit,
993 1790 1348 1875 conjugibus
1387 1791 1865 1854 communionem
1902 1790 2267 1869 ineuntibus,
2296 1792 2578 1855 maritum

501 1912 564 1972 et
597 1907 804 1970 uxoris
833 1907 984 1971 actis
1013 1908 1200 1971 teneri
1231 1912 1292 1969 et
1321 1928 1432 1969 nos
1464 1906 1757 1969 credimus
1779 1906 2043 1989 judicem
2074 1929 2201 1971 eam
2225 1911 2574 1993 potestatem

504 2044 622 2086 non
677 2022 888 2087 habere
931 2023 1072 2106 quia
1121 2028 1324 2086 noster
1376 2023 1663 2086 articulus
1708 2029 1941 2087 tantum
1994 2046 2165 2087 casus
2214 2024 2576 2088 mentionem

503 2139 650 2203 facit
704 2161 824 2223 quo
884 2139 1134 2203 maritus
1188 2139 1548 2224 impediatur
1604 2140 1924 2224 quominus
1982 2162 2229 2204 uxorem
2286 2147 2576 2227 potestate

504 2256 738 2319 muniat
793 2255 910 2319 hoc
951 2261 1043 2319 est
1087 2256 1506 2319 auctoritatem
1550 2255 1825 2342 praebeat
1870 2262 1975 2320 aut
2016 2257 2214 2321 standi
2258 2258 2324 2320 in
2345 2258 2575 2342 judicio

505 2378 611 2435 aut
652 2371 820 2435 litem
861 2369 1184 2434 inchoandi
1201 2421 1216 2448 ‚
1252 2370 1457 2454 judice
1498 2376 1855 2457 potestatem
1904 2370 2158 2436 habente
2216 2372 2575 2437 concedendi

505 2491 695 2551 certas
738 2487 1002 2550 actiones
1044 2508 1167 2549 non
1210 2508 1348 2549 vero
1391 2486 1698 2550 mulierem
1726 2510 1802 2550 ex
1830 2489 2032 2553 mariti
2061 2495 2357 2575 potestate
2386 2496 2573 2555 totam

509 2610 580 2668 ut
621 2604 710 2667 ita
751 2603 1017 2666 dicamus
1061 2604 1489 2689 emancipandi.
1533 2603 1617 2668 Et
1661 2606 1695 2688 ᾧ
1744 2605 2037 2669 secundus
2081 2611 2187 2670 art.
2237 2610 2359 2672 168
2404 2609 2575 2672 nobis

506 2720 742 2784 videtur
784 2719 953 2784 valde
995 2719 1228 2784 obstare
1268 2721 1418 2805 quin
1460 2721 1729 2804 quaestio
1774 2723 2111 2785 affirmetur.

504 2899 659 2972 Art.
736 2903 898 2973 170.
968 2898 1168 2972 Eene
1238 2900 1661 2998 algemeene
1721 2901 2173 3000 magtiging‚
2235 2905 2412 2977 zelfs
2476 2905 2569 3004 bij

601 3031 1119 3128 huwelijksche
1195 3031 1722 3104 voorwaarden
1783 3033 2170 3132 bedongen
2200 3094 2219 3126 ‚
2289 3039 2351 3110 is
2422 3041 2573 3112 niet

600 3164 864 3236 verder
897 3162 1149 3262 geldig
1185 3162 1330 3235 dan
1365 3175 1518 3236 met
1551 3164 1989 3264 betrekking
2020 3176 2135 3239 tot
2159 3168 2285 3242 het
2309 3171 2573 3246 beheer

603 3295 733 3368 der
783 3295 1151 3393 goederen
1202 3321 1348 3367 van
1404 3295 1495 3368 de
1546 3322 1819 3368 vrouw.

588 3483 713 3548 Hic
757 3483 1044 3548 articulus
1090 3483 1266 3548 verbo
1295 3490 1472 3548 tenus
1514 3507 1590 3547 ex
1618 3483 1863 3548 Codicis
1896 3485 2049 3570 Nap.
2081 3493 2187 3551 art.
2221 3492 2345 3552 223
2378 3496 2569 3555 trans-

583 3637 630 3707 4)
674 3633 794 3688 Art.
847 3633 984 3688 180.
1031 3631 1306 3688 Wanneer
1351 3631 1421 3688 (16
1465 3651 1593 3688 man
1638 3631 1865 3707 afwezig
1906 3633 1954 3690 is
2001 3634 2064 3690 of
2100 3635 2219 3692 zich
2263 3637 2323 3693 in
2367 3637 2437 3695 de
2477 3659 2570 3697 on-

665 3730 1060 3807 mogelijkheid
1115 3731 1348 3788 bevindt
1408 3752 1500 3789 om
1558 3733 1735 3807 zijnen
1791 3734 1883 3791 wil
1939 3739 1994 3791 te
2051 3735 2339 3794 verklaren
2398 3761 2468 3798 en
2513 3762 2569 3798 er

668 3830 1021 3905 onverwijlde
1079 3830 1599 3906 noodzakelijkheid
1655 3832 1904 3902 bestaat‚
1974 3833 2085 3891 kan
2152 3835 2221 3892 de
2265 3856 2457 3896 vrouw
2502 3841 2569 3900 de

666 3932 942 4008 goederen
972 3953 1079 3990 van
1110 3931 1177 3989 de
1207 3934 1607 4008 gemeenschap
1638 3935 1944 3992 verbinden
1968 3937 2031 3992 of
2047 3938 2467 4008 vervreemden,
2499 3961 2568 3998 na

665 4033 891 4090 daartoe
910 4033 1049 4090 door
1071 4032 1140 4089 de
1164 4033 1996 4111 Arrondissements-Regtbank
2018 4039 2337 4116 gemagtigd
2359 4044 2417 4097 te
2442 4041 2565 4116 zijn.

581 4128 626 4206 ⁵)
673 4133 755 4189 Cf.
804 4138 904 4190 art.
958 4135 1135 4189 1833.

667 4231 748 4292 Cf.
797 4231 1042 4287 Toullier
1061 4277 1072 4297 ‚
1123 4251 1171 4287 ο.
1220 4231 1254 4287 l.
1303 4241 1367 4291 11⁰
1419 4235 1555 4288 644.
