2788 5114
1242 351 1318 411 27

327 518 602 582 Maxima
661 518 978 583 difficultas
1035 520 1191 583 inest
1247 521 1312 583 in
1371 526 1478 584 art.
1543 525 1705 584 1365
1769 526 1829 584 et
1893 524 2076 584 1366.
2141 520 2313 589 Prior

221 636 391 700 dicit
422 662 434 700 :
486 664 517 692 n
543 658 645 699 een
678 636 841 699 ieder
867 637 919 700 is
949 637 1214 722 bevoegd
1245 661 1344 701 om
1373 639 1877 702 verbindtem'ssen
1916 660 2028 701 aan
2064 644 2124 701 te
2159 660 2313 722 gaan

229 780 270 803 n
296 752 504 815 indien
558 751 641 835 hij
697 752 938 817 daartoe
991 754 1135 817 door
1188 753 1260 817 de
1305 760 1419 818 wet
1468 756 1597 819 niet
1649 755 2028 819 onbekwaam
2079 754 2131 817 is
2184 773 2313 814 ver-

227 895 270 921 n
298 866 511 929 klaard
541 894 571 921 υ
633 873 694 930 et
751 867 899 931 alter
964 875 1270 931 enumerat
1334 870 1493 933 inter
1558 892 1657 932 eos
1721 869 1937 953 quibus
1995 890 2115 931 non
2174 865 2317 930 licet

217 990 582 1049 contractus
623 985 777 1048 inire
813 986 991 1049 tertio
1033 986 1166 1050 loco
1183 1038 1199 1064 ‚
1243 987 1519 1051 mulieres
1564 994 1780 1072 nuptas
1815 988 1882 1050 in
1919 987 2151 1051 casibus
2186 984 2315 1069 lege

215 1100 600 1165 constitutis,
661 1100 1029 1165 Generaliter
1078 1103 1268 1187 igitur
1315 1110 1566 1189 possunt
1618 1103 1967 1168 contrahere
2010 1102 2315 1165 nonnullis

214 1216 468 1281 casibus
503 1218 782 1303 exceptis,
827 1218 946 1281 Sed
988 1224 1096 1281 art.
1131 1222 1296 1282 1053
1344 1225 1553 1283 eontra
1595 1218 1884 1304 praecipit
1927 1224 1996 1281 ut
2037 1216 2313 1279 mulierffi

211 1338 454 1418 nuptae
495 1340 838 1397 contractus
887 1334 1040 1397 inire
1083 1356 1205 1397 non
1247 1336 1478 1419 possint
1518 1356 1707 1418 quum
1750 1340 1857 1397 art.
1906 1337 2073 1395 1482
2121 1331 2227 1396 ult.
2276 1334 2310 1415 ᾧ

215 1448 386 1513 dicit
446 1476 456 1513 :
527 1478 560 1506 tt
587 1450 682 1513 De
747 1451 1251 1515 verbindtenissen
1269 1503 1283 1528 ,
1350 1475 1692 1537 aangegaan
1758 1451 1903 1514 door
1969 1449 2313 1535 getrouwde

225 1593 263 1616 n
295 1585 575 1627 vrouwen
593 1614 608 1641 ,
655 1568 772 1647 zijn
818 1564 1037 1628 slechts
1082 1589 1197 1629 van
1233 1574 1555 1652 regtswege
1592 1567 1813 1652 nietig,
1859 1587 2003 1629 voor
2041 1586 2314 1629 zooverre

223 1710 260 1737 υ
294 1682 394 1745 die
455 1681 960 1745 verbindtenissen
1018 1682 1220 1747 hunne
1271 1684 1675 1771 bevoegdheid
1726 1691 1786 1748 te
1829 1684 2036 1748 buiten
2079 1706 2249 1769 gaan.
2280 1712 2309 1739 n

209 1799 320 1863 Ea
360 1799 613 1862 facultas
657 1804 854 1883 aperte
890 1805 980 1862 est
1023 1821 1172 1883 quae
1211 1806 1574 1864 memoratur
1610 1806 1716 1864 art.
1758 1804 1883 1863 164
1920 1807 1981 1864 et
2018 1806 2125 1864 art.
2169 1804 2309 1863 168.

211 1916 350 1995 Sed
379 1923 441 1980 et
477 1916 625 1979 alter
669 1919 704 2000 ᾧ
746 1917 935 1979 nostri
981 1924 1088 1981 art.
1133 1918 1496 1981 mentionem
1524 1920 1673 1982 facit
1703 1919 2077 1982 auctoritatis
2106 1918 2308 1981 mariti

212 2032 302 2095 ad
337 2038 710 2097 contractum
751 2033 1080 2096 ineundum
1116 2056 1302 2116 quum
1347 2041 1455 2096 art.
1506 2037 1629 2097 164
1666 2040 1728 2097 et
1774 2038 1896 2097 168
1936 2033 2310 2118 exceptiones

209 2150 408 2235 hujus
438 2150 674 2235 regulae
694 2156 1040 2213 memorant.
1075 2153 1204 2213 Art.
1235 2154 1356 2213 169
1394 2151 1637 2235 insuper
1660 2150 1762 2214 dat
1799 2151 2083 2215 tribunali
2120 2150 2308 2213 facul-

209 2272 413 2331 tatem
443 2265 825 2351 permittendi
856 2266 1089 2328 mulieri
1129 2264 1474 2329 contrahere
1504 2266 1554 2328 si
1585 2265 1835 2329 maritus
1864 2266 2030 2329 abest
2060 2266 2152 2329 vel
2182 2268 2308 2350 ejus

209 2384 538 2449 commoda
589 2406 726 2447 cum
774 2383 937 2447 illius
977 2392 1278 2469 pugnant,
1335 2407 1521 2468 quum
1580 2390 1687 2449 art.
1736 2389 1859 2450 172
1912 2385 2181 2470 loquitur
2239 2386 2310 2449 de

205 2501 604 2566 invocatione
624 2501 922 2566 nullitatis
947 2507 1288 2566 contractus
1310 2502 1448 2566 initi
1474 2502 1600 2566 sine
1631 2502 1986 2568 auctoritate
2007 2503 2306 2588 requisita.
2367 2508 2372 2513 ’

211 2619 417 2683 Hisce
439 2619 804 2704 argumentis
826 2620 1068 2682 omnino
1101 2620 1176 2682 ad
1205 2620 1644 2685 conclusionem
1681 2643 1851 2705 posse
1883 2622 2080 2684 venire
2117 2621 2306 2684 credi-

207 2759 359 2799 mus
387 2735 696 2799 mulierem
723 2758 844 2799 non
875 2759 1044 2821 posse
1088 2743 1432 2800 contractus
1473 2737 1625 2801 inire
1668 2739 1795 2801 sine
1838 2739 2208 2802 auctoritate.
2254 2734 2301 2818 6)

309 2851 411 2914 Ex
451 2850 565 2915 hac
613 2851 820 2936 regula
863 2852 1244 2937 excipiuntur
1289 2875 1362 2915 ex
1414 2857 1521 2916 art.
1579 2857 1745 2916 1483
1792 2853 2183 2937 obligationes
2232 2874 2308 2915 ex

210 2967 446 3031 delicto
489 2974 550 3031 et
599 2968 768 3051 quasi
834 2991 908 3030 ex
953 2968 1172 3031 delicto
1189 3019 1205 3047 ,
1270 2970 1433 3053 quod
1481 2992 1656 3033 nemo
1706 2971 1771 3034 in
1816 2970 2062 3034 dubium
2106 2969 2305 3033 trahet

209 3085 318 3149 vel
363 3085 489 3148 sine
530 3082 646 3147 hoc
697 3084 966 3148 articulo.
1025 3086 1144 3148 Sed
1193 3087 1492 3169 quomodo
1542 3088 1839 3172 agendum
1891 3111 2027 3152 cum
2078 3087 2305 3173 obliga-

209 3201 490 3266 tionibus
527 3202 695 3285 quasi
733 3224 808 3265 ex
852 3207 1181 3264 contractu.
1219 3201 1475 3265 Plurimi
1512 3204 1829 3288 scriptores
1864 3204 2022 3267 idem
2060 3211 2302 3289 putant,

209 3319 327 3383 sed
364 3319 698 3403 Opzoomer
741 3319 789 3401 ⁷)
837 3324 1046 3382 contra
1088 3319 1272 3382 sentit
1313 3341 1466 3402 quae
1508 3326 1569 3383 et
1610 3327 1815 3385 nostra
1856 3329 1946 3386 est
1990 3323 2301 3387 sententia.

307 3436 484 3500 Dicit
540 3437 699 3500 inter
756 3436 905 3500 alia:
973 3464 1004 3494 a
1025 3436 1265 3521 Degeen
1328 3438 1423 3501 die
1466 3437 1571 3501 het
1612 3439 2145 3527 onverschuldigde
2197 3443 2297 3507 be—

217 3553 431 3619 uta-alt
471 3559 632 3618 moet
672 3555 739 3616 in
785 3553 897 3617 den
941 3576 1105 3616 waan
1151 3557 1299 3637 zijn,
1344 3553 1449 3617 dat
1492 3553 1574 3638 hij
1622 3554 1725 3619 het
1770 3555 2047 3642 schuldig
2088 3558 2171 3634 is,
2224 3581 2298 3622 en

218 3699 250 3724 n
272 3677 426 3734 weet
464 3670 580 3733 dan
597 3721 611 3748 ‚
650 3671 753 3735 dat
790 3670 861 3733 de
896 3670 1236 3754 getrouwde
1276 3693 1479 3733 vrouw
1501 3721 1515 3748 ,
1563 3671 1780 3734 zonder
1822 3673 2297 3759 uitdrukkelijke

216 3815 250 3842 n
270 3788 698 3872 toestemming
740 3809 855 3850 van
887 3787 996 3849 den
1029 3808 1166 3848 man
1182 3836 1198 3864 ‚
1232 3808 1414 3870 geene
1451 3785 1716 3872 betaling
1751 3811 1890 3875 mag
1925 3797 2263 3877 ontvangen
2278 3843 2294 3870 ‚

301 4017 348 4088 6)
396 4013 480 4071 Cf.
529 4014 597 4070 G.
645 4014 889 4071 Matthes
936 4014 1084 4071 Diss,
1135 4015 1202 4072 de
1248 4015 1570 4074 conditione
1616 4017 1763 4074 civili
1795 4020 2042 4077 mulieris
2087 4026 2293 4096 nuptae

387 4112 752 4170 Neerlandae.
801 4113 978 4187 Lugd.
1028 4115 1152 4170 Bat.
1207 4117 1382 4170 1839.
1438 4119 1489 4171 9.

299 4241 344 4309 7)
391 4256 442 4292 ο.
479 4205 527 4292 ⁴l.
582 4237 673 4294 73.
