2788 5114
1494 321 1571 379 12

602 487 963 562 beheeren
985 546 1003 580 ,
1039 515 1129 563 en
1164 491 1226 562 is
1261 515 1445 563 voor
1479 492 1625 564 alle
1660 495 1991 566 verzuim
2027 493 2103 565 in
2143 491 2273 565 dat
2310 491 2585 564 beheer

602 619 1310 718 verantwoordelijk.

704 748 825 849 Hij
865 776 1168 850 vermag
1192 752 1370 824 hare
1406 752 1862 826 onroerende
1881 751 2248 850 goederen
2267 808 2286 843 ,
2306 750 2587 823 zonder

603 881 778 955 hare
838 883 1388 982 medewerking
1422 885 1577 957 niet
1628 895 1703 957 te
1764 881 2296 958 vervreemden
2359 883 2446 953 of
2511 891 2587 957 te

602 1012 999 1086 bezwaren.

589 1234 688 1294 De
771 1253 908 1292 man
958 1230 1014 1290 is
1065 1231 1163 1290 ket
1227 1229 1416 1310 hoofd
1462 1228 1565 1290 der
1630 1229 2147 1310 ecktvereeniyinq.
2216 1226 2388 1290 Haec
2454 1246 2583 1286 non

506 1346 896 1410 inveniuntur
938 1343 1004 1404 in
1051 1341 1273 1405 Codice
1317 1341 1472 1427 Nap.
1515 1364 1706 1427 neque
1749 1343 1815 1405 in
1858 1343 2179 1427 specimine
2218 1339 2358 1404 anni
2408 1343 2580 1403 1820

504 1461 774 1547 quamvis
831 1481 907 1520 ex
960 1457 1111 1541 legis
1163 1457 1457 1520 sententia
1522 1457 1799 1521 concludi
1843 1463 2058 1543 posset.
2114 1457 2190 1520 V.
2240 1457 2315 1520 V.
2372 1457 2452 1520 D.
2500 1455 2581 1518 D.

508 1575 871 1641 dissentiunt
908 1573 979 1636 de
1023 1573 1253 1656 origine
1289 1569 1468 1656 hujus
1511 1573 1713 1637 mariti
1747 1575 1918 1658 juris.
1964 1575 2092 1638 Alii
2130 1577 2265 1660 jure
2316 1573 2583 1638 naturali

504 1693 621 1756 niti
653 1690 889 1768 dicunt,
934 1687 1036 1751 alii
1080 1710 1111 1750 e
1140 1687 1370 1773 legibus
1406 1688 1759 1773 profluxisse
1796 1689 2184 1753 contendunt.
2218 1690 2388 1752 Inter
2416 1688 2582 1774 prio-

504 1832 597 1873 res
640 1812 985 1875 numeratur
1029 1806 1216 1892 Hugo
1261 1806 1512 1870 Grotius
1558 1807 1603 1889 ¹)
1663 1807 1769 1890 qui
1826 1808 2109 1871 maritum
2168 1806 2345 1871 uxori
2411 1809 2581 1893 prin-

504 1925 694 2008 cipem
753 1921 1008 1986 declarat
1023 1971 1038 1999 ‚
1110 1921 1252 2006 quia
1308 1943 1456 1984 sexu
1513 1923 1690 1984 uxori
1748 1921 2051 2007 praecellit
2114 1933 2176 1986 et
2247 1921 2393 1986 haec
2442 1945 2581 2007 pars

498 2039 757 2105 familiae
799 2038 1000 2102 mariti
1040 2043 1144 2101 est.
1189 2037 1363 2100 Unus
1407 2060 1481 2100 ex
1524 2038 1651 2121 ejus
1694 2037 2043 2103 adversariis
2102 2039 2282 2104 Cous,
2344 2039 2581 2103 Marees

503 2179 617 2220 van
681 2154 1020 2218 Swinderen
1082 2153 1155 2216 B.
1223 2153 1302 2216 fil.
1377 2154 1425 2234 2)
1494 2175 1627 2216 eum
1694 2155 1781 2217 sic
1844 2155 2081 2219 refutat.
2150 2182 2182 2212 ιι
2201 2161 2289 2219 At
2333 2178 2473 2220 vero
2526 2157 2579 2218 si

509 2301 540 2328 ιι
561 2271 791 2336 virilem
856 2293 1063 2334 sexum
1120 2270 1348 2355 ingenii
1407 2271 1785 2356 corporisque
1844 2272 2085 2337 dotibus
2143 2273 2331 2336 veluti
2391 2272 2579 2336 animi

507 2419 538 2448 ιι
560 2390 895 2454 constantia
911 2439 927 2466 ‚
941 2389 1158 2473 judicii
1187 2388 1470 2453 firmitate
1485 2439 1500 2466 ‚
1530 2389 1595 2450 in
1624 2388 1911 2452 obeundis
1932 2388 2234 2454 laboribus
2250 2391 2581 2476 pertinacia

509 2533 539 2563 ιι
559 2512 621 2571 et
685 2503 1031 2569 assiduitate
1047 2552 1063 2582 ‚
1108 2503 1371 2589 corporis
1416 2505 1621 2590 vigore
1672 2511 1733 2569 et
1796 2505 2006 2571 robore
2030 2557 2045 2585 ‚
2103 2508 2316 2571 ceteris
2332 2557 2347 2585 ‚
2404 2506 2577 2571 femi-

506 2650 538 2679 ιι
557 2622 702 2684 nino
791 2642 938 2683 sexu
1028 2620 1517 2703 praestantiorem
1581 2622 1869 2707 rebusque
1939 2625 2214 2708 gerendis
2288 2624 2575 2710 aptiorem

507 2765 537 2792 ιι
556 2736 906 2822 generaliter
949 2756 1072 2799 esse
1109 2734 1270 2797 dicas
1319 2734 1485 2818 (licet
1527 2734 1742 2798 horum
1785 2736 1975 2804 multa
2016 2760 2050 2799 a
2087 2737 2319 2801 diversa
2349 2738 2576 2801 utrius-

505 2878 538 2909 ιι
555 2873 668 2935 que
691 2872 864 2912 sexus
895 2849 1244 2912 educatione
1273 2854 1334 2911 et
1375 2848 1759 2912 institutione
1788 2850 2107 2935 pendeant)
2147 2874 2294 2936 quo,
2331 2874 2576 2937 quaes0,

510 2994 541 3023 ιι
552 2968 685 3051 jure
726 2988 801 3029 ex
843 2963 938 3029 his
981 2965 1198 3029 efficias
1243 2966 1371 3029 viro
1429 2971 1738 3051 propterea
1796 2967 1921 3030 dari
1981 2968 2046 3031 in
2088 2991 2338 3033 uxorem
2387 2971 2575 3055 impe-

507 3111 539 3139 ιι
558 3083 764 3151 rium?
799 3081 939 3145 Hoc
961 3082 1011 3145 si
1033 3081 1374 3167 procederes
1391 3132 1406 3159 ,
1439 3082 1489 3144 si
1512 3087 1752 3168 propter
1771 3084 1951 3147 unius
1972 3083 2235 3148 hominis
2271 3092 2577 3171 praestan-

509 3229 539 3255 ιι
558 3201 706 3264 tiam
748 3198 891 3263 huic
926 3198 1166 3284 aliquod
1207 3198 1440 3289 imperii
1477 3198 1579 3282 jus
1608 3198 1673 3261 in
1716 3198 1899 3262 alium
1921 3198 2223 3264 hominem
2256 3203 2577 3267 concedere

509 3346 539 3373 ιι
567 3316 742 3380 velles
759 3366 775 3393 ‚
837 3316 1106 3402 pluribus
1170 3315 1455 3379 uxoribus
1535 3316 1598 3379 in
1676 3318 1922 3381 maritos
2001 3325 2357 3404 potestatem
2441 3321 2577 3385 dare

510 3461 541 3489 ιι
562 3433 798 3496 deberes
824 3482 840 3509 ‚
905 3454 1043 3495 cum
1107 3438 1268 3496 certo
1348 3433 1567 3497 certius
1652 3433 1723 3496 fit
1800 3433 1997 3519 plures
2075 3436 2325 3499 maritos
2392 3438 2577 3500 animi

508 3578 539 3605 ιι
557 3548 830 3635 inprimis
894 3547 1041 3632 quin
1119 3554 1179 3611 et
1259 3550 1521 3635 corporis
1602 3549 1842 3614 dotibus
1907 3550 1980 3615 ab
2044 3552 2332 3616 uxoribus
2397 3552 2577 3639 longe

508 3695 538 3723 ιι
559 3667 836 3753 superari.
909 3666 1146 3751 Ingenii
1206 3666 1584 3752 corporisque
1649 3666 1874 3731 viribus
1934 3667 2214 3732 differant
2268 3668 2575 3747 homines;

505 3814 536 3843 ιι
554 3785 826 3850 homines
866 3792 1065 3850 tamen
1103 3807 1305 3848 omnes
1352 3789 1494 3849 sunt
1537 3783 1931 3848 humanitatis
1981 3785 2213 3849 ratione
2265 3788 2539 3870 aequales
2552 3839 2570 3866 ‚

585 3987 628 4065 1)
672 3991 760 4047 De
801 3990 935 4047 Jure
980 3989 1123 4046 Belli
1168 4008 1231 4046 ac
1274 3989 1465 4057 Pacis,
1514 3988 1611 4045 lib.
1662 3989 1737 4045 II.
1788 3989 1922 4064 Cap,
1977 3994 2028 4047 5.
2076 3992 2099 4064 ᾖ
2147 3996 2199 4047 8.

583 4117 628 4195 2)
673 4120 822 4177 Diss.
869 4120 986 4177 Jur.
1035 4119 1228 4195 Inaug.
1280 4118 1348 4176 de
1392 4118 1638 4188 ratione,
1687 4138 1798 4195 qua
1849 4119 2025 4176 codex
2072 4120 2249 4179 civilis
2308 4122 2573 4181 mulieres

663 4225 863 4295 nuptas
881 4224 1070 4276 contra
1088 4219 1324 4277 abusum
1339 4220 1631 4294 potestatis
1648 4219 1911 4276 maritalis
1936 4224 2121 4277 tuetur
2148 4223 2309 4277 1820
2330 4268 2344 4290 ‚
2375 4226 2557 4281 3—5.
