2788 5114
1224 337 1300 401 21

222 539 253 567 υ
275 506 440 575 heeft
481 534 665 596 geene
710 512 922 575 andere
967 513 1330 599 woonplaats
1375 515 1492 577 dan
1537 516 1632 578 die
1678 538 1789 578 van
1850 508 2029 579 haren
2090 534 2242 581 man.
2268 538 2296 569 υ

211 628 282 690 Si
317 628 507 712 igitur
537 628 747 691 citatio
779 627 834 690 ei
858 635 1004 692 nota
1025 651 1150 691 non
1179 630 1292 693 erit
1321 630 1501 694 habet
1530 632 1691 715 quod
1724 631 1836 695 sibi
1873 633 1989 717 ipsi
2024 634 2293 718 imputet

207 878 376 949 Art.
445 880 607 951 162.
655 878 765 951 De
833 906 1002 951 man
1073 880 1134 951 is
1213 881 1539 979 verpligt
1600 881 1787 978 zijne
1864 904 2124 954 vrouw
2196 882 2293 979 bij

321 1010 480 1082 zich
559 1021 632 1082 te
705 1026 1129 1109 ontvangen
1199 1014 1275 1083 in
1353 1012 1483 1085 het
1559 1012 1725 1084 huis
1796 1013 2116 1085 hetwelk
2194 1012 2293 1109 hij

326 1143 688 1215 bewoont.

424 1272 545 1370 Hij
591 1275 652 1346 is
687 1274 1082 1372 gehouden
1121 1276 1298 1347 haar
1332 1286 1409 1348 te
1445 1277 1955 1367 beschermen‚
1994 1303 2084 1350 en
2122 1278 2299 1348 haar

321 1405 396 1477 al
447 1405 759 1504 hetgeen
820 1407 1100 1505 noodig
1152 1408 1214 1479 is
1243 1465 1260 1499 ,
1315 1410 1625 1507 volgens
1688 1409 1927 1507 zijnen
1975 1420 2168 1482 staat
2206 1437 2295 1483 en

320 1534 466 1631 zijn
519 1560 918 1634 vermogen
972 1546 1047 1610 te
1107 1538 1580 1612 verschaffen.

303 1786 405 1847 De
425 1808 561 1881 (tum
582 1786 638 1847 is
665 1788 922 1869 verpliqt
941 1789 1107 1874 zg'jne
1134 1812 1326 1851 vrouw
1356 1790 1448 1875 bg‘j
1480 1790 1614 1851 zich
1643 1797 1702 1851 te
1738 1797 2064 1872 ontvanqen
2100 1790 2165 1853 in
2195 1794 2293 1854 leet

206 1903 358 1964 huis
423 1903 664 1965 hetwellc
729 1904 827 1990 hz'y
884 1907 1146 1968 bewoont.
1210 1906 1352 1968 Sine
1418 1904 1536 1969 hoc
1600 1906 1852 1969 articulo
1918 1918 2295 1994 praecept-um

203 2018 419 2081 ultimi
480 2021 548 2101 ᾧ,
608 2025 714 2082 art.
779 2023 935 2097 161,
986 2020 1278 2103 injustum
1323 2021 1642 2085 dicendum
1686 2032 1790 2086 est.
1838 2022 2063 2085 Uxoris
2107 2029 2290 2099 esset,

205 2134 440 2218 ubique
497 2137 780 2200 maritum
838 2137 1004 2220 sequi
1065 2159 1184 2220 quo
1251 2137 1461 2213 vellet,
1528 2137 1671 2202 huic
1738 2162 1873 2202 vero
1918 2139 2123 2202 liceret
2166 2162 2293 2203 eam

201 2252 475 2336 recipere
508 2252 596 2315 vel
626 2275 748 2315 non
778 2254 1049 2338 recipere.
1083 2253 1124 2315 J
1126 2277 1220 2315 am
1251 2255 1457 2317 statim
1487 2254 1659 2318 nobis
1705 2256 1969 2319 occurrit
1997 2256 2295 2339 quaestio:

204 2369 262 2431 si
331 2369 578 2432 maritus
638 2380 870 2433 recuset
931 2392 1175 2432 uxorem
1219 2372 1475 2455 recipere
1528 2366 1675 2455 quid
1720 2379 1867 2435 tunc
1910 2373 2288 2435 faciendum?

207 2482 544 2549 Zachariae
588 2484 636 2568 ¹)
685 2492 882 2571 putat,
921 2486 1186 2570 judicem
1232 2493 1379 2549 tunc
1423 2509 1593 2572 posse
1630 2487 1866 2550 mulieri
1901 2489 2127 2551 veniam
2161 2489 2297 2553 dare

206 2605 513 2670 auxilium
567 2624 779 2668 manus
825 2605 1102 2668 militaris
1147 2607 1472 2670 invocandi
1518 2614 1587 2670 ut
1632 2607 1875 2670 domum
1922 2630 2295 2671 communem

203 2722 451 2807 ingredi
510 2729 725 2807 posset.
789 2722 1079 2786 Putamus
1133 2725 1378 2786 omnino
1424 2723 1581 2787 hanc
1625 2726 1979 2787 sententiam
2025 2725 2297 2808 rejicien-

204 2841 354 2904 dam
377 2890 392 2916 ‚
436 2840 577 2923 quia
626 2862 836 2902 manus
882 2840 1157 2904 militaris
1203 2839 1319 2904 hoc
1371 2864 1513 2904 casu
1563 2842 1753 2904 multo
1808 2844 2005 2906 minus
2059 2842 2292 2904 defendi

200 2964 414 3044 potest
471 2979 649 3041 quam
709 2957 962 3021 articulo
1007 2959 1398 3043 praecedenti.
1450 2959 1638 3021 Nulla
1681 2959 1774 3022 lex
1821 2961 2118 3045 permittit
2162 2983 2294 3024 mu-

199 3074 346 3138 lieri
389 3095 569 3136 manu
612 3074 861 3137 militari
909 3073 1153 3138 domum
1200 3075 1475 3158 conjugis
1523 3077 1582 3138 vi
1627 3077 1859 3160 ingredi
1905 3084 1966 3140 et
2009 3077 2126 3141 hoc
2157 3100 2291 3140 casu

200 3214 454 3277 quoque
511 3193 724 3255 modus
786 3193 948 3255 omni
1008 3195 1228 3257 effectu
1286 3195 1524 3259 carebit.
1587 3195 1802 3258 Potius
1861 3197 2112 3259 facimus
2158 3218 2295 3260 cum

201 3308 616 3372 Delvincourt
658 3309 743 3390 2),
791 3308 1049 3386 dicente,
1095 3309 1376 3371 maritum
1423 3315 1572 3372 tunc
1617 3310 2131 3374 condemnandum
2168 3334 2294 3374 esse

203 3426 286 3489 ad
319 3425 496 3487 uxori
524 3426 808 3509 pecuniae
853 3447 1108 3488 annuam
1155 3448 1447 3488 summam
1489 3427 1879 3511 praebendam
1898 3479 1912 3506 ‚
1957 3451 2105 3512 quae
2150 3451 2293 3492 con-

203 3543 418 3606 veniat
477 3540 810 3605 conditioni
865 3541 1056 3626 ipsius
1075 3592 1089 3618 ‚
1135 3541 1298 3626 quod
1343 3545 1671 3606 sententiae
1716 3543 2103 3608 tribunalium
2152 3566 2294 3607 con-

202 3656 469 3720 firmant.
524 3657 685 3721 Nam
730 3657 972 3722 Pailliet
1037 3658 1400 3720 mentionem
1466 3659 1791 3722 sententiae
1856 3660 2003 3722 facit
2078 3659 2294 3722 Curiae

201 3774 667 3860 Lugdunensis,
728 3771 823 3838 die
879 3779 959 3839 30
1014 3775 1372 3838 Novembris
1422 3780 1583 3840 1811
1606 3828 1620 3855 ,
1670 3801 1789 3861 qua
1833 3779 2081 3843 maritus
2125 3801 2293 3842 recu-

201 3915 348 3956 sans
409 3913 654 3954 uxorem
713 3892 920 3955 statim
976 3898 1114 3976 post
1169 3893 1619 3956 matrimonium
1670 3895 1890 3958 initum
1940 3897 2002 3958 in
2050 3895 2293 3958 domum

297 4117 343 4193 1)
391 4139 442 4176 0.
491 4119 526 4174 1.
575 4119 650 4175 Π.
706 4123 842 4175 153.

294 4245 342 4326 ²)
391 4271 442 4308 0.
491 4253 526 4308 l.
576 4251 619 4307 Ι.
672 4253 808 4308 393.
