2788 5114
1071 1265 1576 1355 THESES.

1230 1589 1423 1598 ———

1303 1849 1348 1905 I.

369 2041 655 2100 Sententia
699 2039 768 2098 de
810 2039 1085 2116 principio
1104 2085 1117 2108 ‚
1167 2038 1475 2097 secundum
1518 2038 1673 2116 quod
1714 2059 1827 2098 una
1870 2061 1958 2098 res
2001 2042 2352 2119 principali5‚

277 2163 458 2222 altera
501 2162 809 2220 accessoria
851 2161 1108 2219 habenda
1152 2161 1225 2218 sit
1251 2180 1434 2237 neque
1468 2161 1647 2218 Cassii
1678 2162 1761 2235 (L.
1799 2163 1894 2222 27.
1928 2165 1951 2237 ξ
1986 2166 2037 2220 2.
2071 2164 2128 2221 ff.
2164 2167 2261 2222 41.
2301 2167 2357 2240 1)

272 2304 464 2361 neque
505 2283 668 2342 Pauli
709 2284 792 2357 (L.
844 2286 940 2340 23.
987 2286 1010 2358 ᾗ
1056 2286 1110 2340 3.
1157 2283 1214 2340 ff.
1267 2286 1318 2340 6.
1371 2286 1489 2358 1.),
1537 2285 1901 2359 approbanda
1944 2290 2044 2344 est.

1279 2489 1356 2546 ΙΙ.

369 2647 710 2724 Theophilus
765 2648 838 2704 ad
897 2650 920 2723 ᾗ
971 2648 1017 2705 Ι.
1073 2647 1210 2705 Inst.
1268 2646 1338 2705 de
1389 2668 1544 2725 perp.
1615 2654 1670 2707 et
1711 2655 1882 2726 temp.
1930 2657 2035 2709 act.
2084 2654 2203 2727 (IV.
2258 2658 2356 2730 12)

278 2773 434 2828 errat
461 2770 520 2826 in
550 2769 802 2844 exemplo
833 2769 987 2845 quod
1017 2769 1173 2826 affert
1203 2774 1519 2827 contractus
1537 2815 1552 2837 ,
1586 2770 1684 2846 qui
1711 2790 1827 2828 non
1854 2769 2086 2830 heredes
2125 2774 2353 2850 obligat.

1285 2975 1393 3031 III.

372 3130 442 3192 In
483 3134 520 3191 l.
571 3137 668 3191 49.
714 3133 772 3191 ff.
821 3133 893 3189 ad
936 3133 1042 3208 leg.
1089 3134 1238 3191 Falo.
1288 3136 1411 3207 (35.
1463 3137 1541 3209 2.)
1599 3134 1779 3192 Cassii
1833 3138 2105 3195 sententia
2158 3158 2356 3216 appro-

283 3258 477 3318 banda
519 3263 619 3315 est.

1274 3444 1370 3500 IV.

371 3628 736 3703 Praeceptum
779 3631 880 3683 art.
933 3627 1071 3681 159.
1119 3624 1181 3682 C.
1232 3623 1294 3680 C.
1339 3624 1526 3681 Neerl.
1570 3643 1797 3700 quoque
1847 3623 1993 3681 valet
2036 3622 2351 3699 nepotibus,

1292 3832 1360 3887 V.

373 3992 507 4048 Non
563 3990 796 4048 facimus
861 4010 988 4048 eum
1055 3991 1222 4047 Cone.
1289 3987 1556 4047 Mareade
1621 3988 1996 4065 (Explication
2062 3988 2139 4046 du
2206 3989 2360 4047 Code

284 4110 608 4190 Napoleon)
633 4158 646 4180 ,
725 4117 1003 4187 putante:
1084 4110 1371 4168 mulierem
1436 4130 1551 4167 non
1616 4108 1818 4167 debere
1883 4108 2042 4185 sequi
2105 4108 2367 4165 maritum

289 4242 548 4312 agentem
590 4236 762 4293 vitam
807 4234 1111 4292 erraticam.
