2788 5114
1430 357 1509 416 40

440 549 471 576 υ
489 544 736 607 gewoon
786 524 1000 612 beroep
1055 523 1269 589 maken
1285 578 1299 604 ,
1324 554 1353 582 n
1434 549 1620 610 quum
1680 525 1967 589 articulus
2028 526 2243 588 tertius
2306 522 2531 588 defini-

432 638 661 702 tionem
719 640 1010 726 compleat
1065 641 1480 727 praecipiendo
1539 663 1829 724 quaenam
1889 641 2046 702 sint:
2114 667 2146 695 tt
2166 638 2361 702 daden
2405 661 2533 701 van

442 781 473 811 n
492 754 882 840 koophandel.
906 782 938 810 υ
989 756 1129 819 Vox
1159 757 1357 820 minus
1390 756 1610 820 usitata
1632 807 1646 834 ,
1678 756 1996 819 mercatrix
2026 755 2290 841 publica,
2311 756 2530 841 primo

441 873 724 959 adspectu
740 923 754 950 ,
814 872 889 935 ad
931 872 1206 936 mulieres
1262 878 1481 959 nuptas
1526 873 1779 936 attinere
1836 872 2073 936 videtur
2096 923 2110 950 ,
2171 871 2337 955 quod
2383 891 2537 934 vero

435 990 752 1054 discrimen
804 987 1040 1052 tollitur
1092 991 1126 1072 ᾧ
1187 990 1293 1053 ult.
1356 996 1463 1052 art.
1505 994 1631 1053 586
1677 989 1823 1052 Cod.
1873 991 1943 1053 de
1992 989 2184 1053 Meth.
2242 1011 2403 1074 proc.
2460 988 2536 1051 in

435 1129 590 1171 caus
650 1107 760 1170 civ.
810 1104 916 1177 ,ubi
968 1105 1218 1168 dicitur:
1271 1133 1302 1161 n
1320 1105 1608 1190 gehuwde
1650 1128 1723 1168 611
1783 1104 2148 1190 ongehuwde
2196 1126 2488 1167 vrouwen
2514 1155 2533 1182 ,

438 1251 471 1280 u
489 1245 672 1308 geene
751 1221 1038 1306 openbare
1110 1221 1549 1306 koopvrouwen
1636 1222 1828 1305 zijude
1846 1273 1861 1299 ,
1885 1249 1913 1278 n
2004 1221 2087 1284 ibi
2157 1221 2537 1305 adjectivum

431 1337 621 1424 igitur
662 1342 723 1400 et
767 1337 841 1400 ad
881 1342 1098 1421 nuptas
1150 1342 1210 1400 et
1254 1337 1329 1399 ad
1371 1338 1655 1424 innuptas
1699 1340 1964 1402 refertur.

526 1455 778 1532 Mulier,
821 1477 972 1538 quae
1015 1461 1106 1518 est
1146 1457 1465 1519 mercatrix
1508 1457 1777 1542 publica,
1829 1457 2266 1541 emancipatur,
2316 1460 2388 1517 ut
2433 1455 2537 1518 ita

437 1572 704 1636 dicamus
717 1622 732 1649 ‚
753 1594 826 1634 ex
847 1577 1140 1657 potestate
1176 1573 1431 1636 maritali
1449 1624 1464 1651 ,
1492 1579 1783 1656 quatenus
1807 1573 1881 1636 ad
1911 1577 2303 1634 mercaturam
2326 1568 2531 1631 solum

437 1688 686 1763 attinet,
729 1709 914 1770 quum
949 1694 1011 1751 et
1050 1709 1262 1751 manus
1307 1689 1549 1772 injectio
1586 1688 1967 1773 (lijfsdvi·a11g)
2000 1688 2066 1750 in
2096 1709 2223 1749 eam
2261 1684 2528 1748 exerceri

433 1808 663 1887 potest,
749 1801 1053 1886 legislator
1132 1825 1270 1866 vero
1345 1805 1524 1868 simul
1584 1811 1691 1868 art.
1784 1807 1903 1868 187
1996 1803 2311 1889 impedivit
2399 1821 2527 1882 quo

436 1919 635 1982 minus
691 1940 766 1981 ex
815 1917 932 1982 hoc
989 1925 1153 1983 statu
1194 1921 1633 2003 quodammodo
1688 1920 1967 2006 ambiguo
2026 1921 2187 1982 fraus
2246 1917 2525 1981 oriretur.

437 2033 578 2096 Hoc
635 2034 701 2096 in
758 2034 1008 2097 articulo
1059 2035 1292 2098 mulieri
1350 2036 1588 2120 praebet
1639 2037 1739 2120 jus
1799 2059 1871 2100 ex
1931 2035 2349 2099 communione
2394 2033 2527 2096 dis-

438 2150 714 2228 cedendi,
757 2173 876 2234 quo
934 2150 1023 2214 illi
1067 2151 1303 2216 tollitur
1346 2154 1608 2216 officium
1654 2153 1991 2217 conferendi
2037 2153 2111 2216 ad
2154 2173 2288 2214 aera
2329 2151 2558 2214 aliena·

439 2267 890 2330 communionis,
915 2266 1138 2330 Mulier
1181 2274 1403 2346 autem,
1446 2291 1596 2353 quae
1624 2275 1955 2332 mercatura
1982 2270 2285 2332 fortunam
2315 2266 2530 2329 adver-

439 2407 566 2447 sam
607 2406 778 2468 passa
819 2397 943 2461 est,
986 2407 1018 2446 6
1063 2386 1511 2463 communione,
1556 2409 1706 2470 quae
1749 2387 1936 2472 ipsius
1992 2386 2169 2449 factis
2220 2383 2530 2468 obligatur

437 2503 734 2567 discedere
766 2508 966 2588 posset
1000 2509 1178 2587 atque
1206 2503 1397 2589 igitur
1439 2502 1655 2568 debitis
1698 2510 1855 2568 recte
1900 2501 2223 2567 contractis
2251 2500 2493 2564 liberari
2510 2550 2529 2576 ‚

432 2621 549 2683 nisi
615 2620 919 2705 legislator
976 2620 1303 2684 addidisset
1376 2649 1407 2677 n
1421 2627 1523 2684 ten
1582 2644 1731 2685 ware
1792 2626 1863 2705 zij
1922 2619 2053 2684 zich
2100 2619 2185 2683 als
2224 2617 2521 2704 openbare

437 2763 466 2791 n
491 2736 857 2822 koopvrouw
899 2742 1070 2821 mogt
1111 2735 1339 2800 hebben
1383 2735 1735 2800 verbonden.
1754 2764 1785 2791 n

525 2851 861 2936 Legislator
903 2858 1102 2915 autem
1143 2874 1272 2915 eam
1328 2853 1627 2937 publicam
1680 2852 1839 2915 dicet
1880 2852 2284 2915 mercatricem
2303 2899 2317 2926 ,
2362 2871 2523 2932 quae

436 2969 752 3053 separatim
795 2991 830 3031 a
872 2968 1088 3031 marito
1132 2974 1523 3031 mercaturam
1570 2970 1726 3053 agit,
1771 2970 1932 3052 quod
1990 2990 2113 3031 non
2166 2968 2255 3030 sic
2296 2966 2527 3029 intelli-

437 3084 694 3170 gendum
713 3135 728 3163 ,
773 3084 1088 3170 separatim
1131 3108 1166 3147 a
1207 3086 1423 3149 marito
1490 3108 1619 3149 eam
1678 3085 1945 3150 habitare
1964 3136 1978 3163 ,
2052 3085 2169 3148 hoc
2247 3085 2405 3147 enim
2485 3085 2523 3166 ᾧ

443 3200 702 3263 secundo
762 3206 868 3263 art.
941 3202 1060 3263 161
1121 3198 1414 3278 obstaret,
1464 3201 1565 3264 sed
1614 3223 1722 3264 suo
1776 3203 2017 3266 nomine
2057 3222 2246 3285 neque
2305 3200 2531 3262 marito

437 3317 769 3382 auxiliante
814 3316 906 3381 vel
949 3324 1300 3401 cooperante
1317 3368 1332 3395 ,
1375 3324 1767 3383 mercaturam
1805 3342 1990 3405 agere.
2022 3320 2286 3390 Quinam
2318 3322 2525 3379 autem

435 3443 528 3500 est
569 3455 876 3519 expressus
913 3433 1114 3496 mariti
1146 3435 1510 3497 consensus?
1559 3434 1896 3512 CredimuS,
1934 3454 2105 3518 posse
2149 3431 2370 3515 scripto
2416 3454 2525 3494 ex-

437 3554 642 3617 sistere
706 3550 868 3635 quod
933 3548 1008 3612 ab
1071 3572 1142 3612 eo
1193 3550 1260 3613 in
1303 3550 1773 3635 ephemeridibus
1824 3550 1989 3636 publi
1998 3558 2166 3613 catur
2182 3600 2198 3628 ,
2248 3550 2370 3611 imo
2408 3570 2527 3632 pu-

437 3673 633 3731 tamus
651 3718 664 3743 ,
710 3667 760 3728 si
805 3665 933 3728 sine
977 3664 1198 3750 scripto
1245 3687 1598 3729 consensum
1642 3673 1879 3729 tantum
1936 3665 2295 3751 publicaret,
2356 3664 2528 3729 hunc

434 3804 541 3869 pro
586 3804 859 3867 expresso
904 3781 1098 3845 valere
1141 3804 1342 3867 posse,
1387 3784 1548 3867 quod
1594 3783 1669 3846 ad
1715 3784 1966 3848 tacitum
1984 3835 1999 3862 ,
2038 3806 2111 3846 ex
2156 3782 2529 3868 temporibus

435 3898 850 3983 dijudicandus
895 3901 1062 3961 esset.
1109 3896 1316 3967 Quum
1359 3920 1406 3961 e.
1450 3920 1536 3983 gr.
1582 3899 1795 3962 mulier
1838 3900 1904 3961 in
1963 3898 2138 3961 domo
2186 3899 2490 3984 conjugali
2510 3952 2529 3978 ‚

436 4038 614 4102 quam
645 4038 780 4079 cum
809 4016 1026 4079 marito
1055 4011 1378 4090 inhabitat,
1400 4015 1635 4100 publice
1665 4023 2057 4081 mercaturam
2089 4018 2244 4101 agit,
2276 4017 2530 4082 difficile

441 4153 760 4197 consensus
807 4130 1072 4196 defectus
1113 4136 1313 4215 posset
1356 4131 1618 4195 invocari
1638 4182 1653 4209 ,
1698 4132 1790 4195 vel
1835 4133 1885 4195 si
1940 4132 2059 4195 alio
2122 4133 2255 4196 loco
2300 4156 2537 4197 merca-

441 4258 634 4315 turam
697 4254 896 4333 ageret
952 4253 1014 4313 et
1069 4253 1217 4310 tunc
1283 4269 1635 4310 consensum
1714 4248 1913 4313 adesse
1981 4255 2219 4334 putares
2283 4272 2537 4313 necesse
