2788 5114
1523 312 1561 370 z

509 482 956 581 temporibus
999 482 1411 555 invenimus
1456 481 1638 553 hanc
1678 481 2001 579 regulam
2047 480 2137 553 ab
2171 481 2333 553 aliis
2374 481 2581 579 legis·

512 615 862 688 latoribus
907 616 1050 689 alio
1084 627 1157 688 et
1203 640 1752 713 nonnumquam
1810 616 2151 688 severiori
2203 614 2416 688 modo
2466 640 2585 687 ex-

511 749 849 846 positam.
902 748 1004 822 Ut
1059 775 1130 821 V.
1195 774 1256 821 c.
1309 746 1581 822 Romae
1636 747 1955 819 vidimus
2008 747 2354 821 maritum
2420 772 2585 819 eam

511 884 1012 957 auctoritatem
1035 893 1324 955 tantum
1347 880 1673 953 obtinere
1694 880 1897 953 initis
1921 881 2143 975 justis
2179 880 2457 978 nuptiis
2486 880 2545 976 2)
2564 938 2582 971 ,

512 1041 740 1113 quum
793 1016 986 1113 apud
1032 1013 1432 1089 Germanos
1487 1014 1753 1086 mulier
1793 1039 1836 1086 a
1875 1016 2139 1088 marito
2172 1027 2539 1088 emeretur
2563 1072 2582 1105 ‚

515 1174 659 1247 quo
692 1149 879 1221 facto
903 1172 1242 1245 magnam
1277 1147 1356 1218 in
1390 1171 1550 1218 eam
1581 1156 2015 1242 potestatem
2050 1145 2466 1244 acquirebat
2495 1145 2581 1241 3).

511 1280 778 1355 Nostro
821 1304 1108 1379 quoque
1151 1279 1453 1375 antiquo
1483 1279 1651 1374 jure
1685 1290 1839 1352 erat
1874 1278 2147 1351 sancita
2178 1279 2260 1374 4).
2301 1277 2417 1349 Ex
2448 1278 2590 1349 hoc

510 1416 866 1515 principio
901 1414 1270 1511 legislator
1303 1412 1560 1485 deinde
1593 1412 1916 1485 deducit:
1977 1439 2020 1484 a
2070 1414 2335 1485 marito
2369 1414 2591 1486 uxori

510 1552 589 1624 in
635 1553 803 1647 jure
855 1550 1211 1623 auxilium
1267 1548 1783 1647 praestandum
1836 1573 1991 1621 esse
2042 1548 2375 1645 bonaque
2427 1560 2593 1621 tan-

515 1712 735 1784 quam
786 1712 828 1757 a
872 1685 1063 1759 bono
1106 1683 1626 1783 patrefamilias
1687 1682 2260 1755 administranda
2298 1695 2383 1756 ut
2422 1684 2593 1778 jam

511 1819 826 1893 Romani
878 1821 990 1893 his
1044 1820 1388 1893 dixerunt
1440 1819 1716 1893 verbis:
1793 1819 2121 1892 «Bonum
2169 1833 2322 1892 erat
2349 1878 2367 1910 ,
2430 1846 2595 1891 mu-

515 1952 812 2025 »lierem
832 2011 850 2045 ‚
927 1978 1110 2051 quae
1182 1978 1256 2025 se
1325 1954 1559 2051 ipsam
1635 1953 1899 2027 marito
1962 1955 2353 2027 committit
2378 2012 2396 2045 ‚
2467 1980 2593 2027 res

513 2086 780 2160 »etiam
840 2086 1158 2182 ejusdem
1205 2087 1358 2184 pati
1414 2086 1715 2160 arbitrio
1766 2086 2152 2185 gubernari
2194 2088 2247 2184 5)
2269 2145 2288 2179 ,
2310 2117 2339 2154 υ
2388 2089 2593 2186 quod

512 2220 1029 2293 circumscribit
1061 2221 1567 2318 praecipiendo
1590 2274 1613 2311 ,
1656 2245 1820 2293 eum
1858 2247 2004 2293 non
2036 2247 2247 2319 posse
2268 2223 2595 2299 alienare

512 2354 630 2427 vel
663 2378 960 2427 onerare
993 2354 1146 2449 ejus
1178 2353 1368 2425 bona
1401 2354 1805 2427 immobilia
1838 2356 1991 2429 sine
2026 2358 2179 2452 ejus
2200 2382 2585 2429 consensa.

514 2485 720 2577 Quod
787 2487 865 2559 in
917 2488 1083 2584 jure
1151 2499 1397 2563 nostro
1452 2488 1751 2586 antiquo
1806 2502 2107 2588 excepto
2161 2490 2591 2566 Zeelandico

517 2646 663 2692 non
685 2620 1098 2692 invenimus
1119 2622 1201 2718 ⁶).
1229 2621 1632 2720 Legislator
1651 2648 1868 2721 porro
1886 2649 2166 2698 memor
2186 2639 2487 2699 naturae
2508 2639 2593 2700 et

513 2754 682 2826 finis
717 2756 1200 2845 matrimonii,
1241 2757 1595 2854 praecipit
1616 2768 1698 2830 ut
1718 2759 2024 2832 maritus
2043 2819 2061 2852 ‚
2103 2761 2485 2834 mulierem
2505 2762 2592 2833 in

513 2888 810 2961 domum
833 2915 1054 2986 quam
1073 2889 1455 2983 inhabitet,
1483 2891 1782 2988 recipiat
1804 2905 1900 2984 et,
1928 2906 2012 2967 ut
2032 2894 2267 2967 fidelis
2286 2897 2551 2992 conjux
2564 2954 2585 2985 ‚

595 3093 641 3164 ⁹)
687 3096 770 3152 Cf.
798 3097 956 3171 Gaji,
989 3097 1126 3153 Inst.
1175 3096 1386 3154 Gomm.
1424 3098 1469 3155 I.
1503 3102 1525 3174 ξ
1561 3103 1673 3156 108
1710 3106 1765 3157 et
1795 3119 1947 3176 seqq.

597 3217 642 3291 3)
688 3218 770 3275 Cf.
804 3217 1054 3274 Tacitum
1074 3263 1087 3285 ,
1124 3218 1192 3275 de
1222 3218 1479 3276 Moribus
1511 3221 1932 3278 Germanorum.
1970 3222 2104 3298 Cap.
2146 3225 2240 3279 18.

595 3332 641 3413 4)
687 3338 768 3395 Cf.
815 3339 889 3394 H.
937 3337 1006 3394 de
1045 3339 1253 3406 Groot,
1293 3339 1619 3416 Inleydinge
1653 3346 1739 3398 tot
1776 3343 1845 3400 de
1875 3342 2254 3401 Hollandsche
2283 3344 2593 3420 Rechtsge-

683 3441 994 3518 leerdheyt,
1028 3441 1114 3498 ed.
1149 3442 1577 3518 Groenewegen.
1614 3447 1708 3502 23.

683 3545 880 3603 Huber
902 3591 916 3613 ,
963 3544 1366 3620 Hedendaegse
1409 3547 1950 3625 Rechtsgeleertheyt
1973 3595 1987 3616 ,
2036 3568 2134 3607 soo
2182 3549 2360 3608 elders
2406 3551 2487 3608 als
2528 3553 2591 3609 in

680 3649 994 3709 Frieslandt
1023 3649 1406 3724 gebruikelijk.
1453 3654 1549 3708 42.

603 3771 648 3846 ⁵)
690 3771 754 3826 L.
800 3773 852 3824 8.
895 3768 955 3825 C.
999 3767 1067 3825 de
1102 3773 1246 3845 pact.
1290 3787 1449 3826 conv.

600 3889 645 3965 6)
688 3890 927 3947 Maritus
970 3889 1120 3946 bona
1169 3890 1394 3958 uxoriS,
1450 3891 1616 3948 etiam
1669 3893 1894 3950 exclusa
1930 3893 2081 3950 omni
2119 3893 2396 3950 bonorum
2442 3915 2597 3952 com-

686 3993 949 4049 munione
1001 3996 1146 4050 reote
1192 3993 1398 4050 alienat
1444 3995 1561 4052 sine
1612 3996 1731 4070 ejus
1783 4016 2057 4054 consensu
2092 4017 2205 4055 non
2242 4003 2427 4056 tamen
2462 4000 2596 4074 jure

571 4183 578 4190 ⁷
685 4095 1028 4153 Zeelandico.
1072 4129 1156 4137 ——
1186 4097 1256 4154 D.
1305 4097 1372 4154 G.
1422 4119 1472 4153 v.
1524 4097 1576 4154 d.
1623 4099 1880 4168 Keessel,
1922 4100 2128 4157 Theses
2170 4101 2403 4158 selectae
2433 4103 2597 4161 Juris

683 4199 1002 4258 Hollandici
1035 4205 1089 4255 et
1120 4199 1449 4257 zeelandici.
1486 4200 1585 4257 Th.
1626 4205 1720 4258 92.
