2788 5114
1185 350 1262 407 35

167 518 434 582 forsitan
498 519 895 583 absolveretur
959 519 1120 603 quod
1161 541 1234 582 ex
1277 524 1483 581 nostra
1532 518 1825 583 sententia
1876 519 2022 581 fines
2064 524 2259 603 potes-

167 636 328 700 tatis
371 636 660 699 maritalis
703 636 1224 721 transgrederetur.
1271 637 1366 701 Ex
1411 637 1499 699 rei
1547 641 1761 699 natura
1804 636 2088 720 sequitur,
2126 658 2258 699 mu-

168 752 386 817 lierem
415 759 708 838 potestate
729 753 987 816 maritali
1019 775 1212 817 carere
1233 776 1403 838 posse
1425 753 1500 816 ad
1520 753 1931 817 testimonium
1953 753 2259 817 ferendum

171 870 327 954 quia
355 892 478 932 non
506 869 756 934 habetur
783 870 941 933 inter
968 877 1164 955 partes
1191 870 1499 956 litigantes
1535 870 1637 933 sed
1674 870 1865 933 solum
1904 876 2152 935 vocatur
2188 870 2265 934 ad

175 1008 424 1049 causam
462 988 652 1071 magis
689 988 1058 1072 perspicuam
1095 987 1467 1051 reddendam.

267 1103 524 1167 Licetne
567 1104 802 1167 mulieri
818 1155 832 1182 ,
876 1105 942 1167 in
985 1126 1163 1189 quam
1201 1106 1423 1169 crimen
1462 1105 1774 1169 commissa
1814 1110 1907 1169 est
1926 1156 1941 1183 ,
1986 1126 2263 1168 accusare

171 1222 314 1285 sine
384 1220 668 1285 facultate
740 1222 957 1285 mariti.
1039 1221 1479 1285 Affirmandum
1550 1220 1723 1284 nobis
1796 1219 2047 1284 videtur.
2139 1219 2265 1282 Hic

170 1358 422 1421 quoque
464 1343 724 1422 potestas
776 1338 1064 1401 maritalis
1124 1337 1326 1401 cedere
1385 1337 1559 1401 debet
1618 1336 1945 1401 commodis
1994 1335 2263 1421 publicis,

175 1453 468 1517 Ceterum
522 1453 670 1517 haec
714 1454 980 1538 quaestio
1025 1454 1191 1540 parvi
1235 1452 1521 1517 momenti
1558 1458 1648 1516 est
1684 1452 1825 1536 quia
1854 1452 2263 1517 Ministerium

173 1572 504 1635 Publicum
524 1622 538 1649 ‚
585 1571 834 1635 simulac
879 1595 914 1634 a
956 1571 1201 1635 muliere
1245 1570 1539 1633 audiverit
1584 1570 1808 1633 crimen
1851 1570 2233 1634 commissum
2250 1621 2265 1648 ‚

176 1686 284 1749 cui
347 1688 596 1752 maritus
663 1687 904 1771 quidem
969 1709 1091 1749 non
1155 1687 1503 1750 facultatem
1555 1686 1783 1750 dederit
1805 1737 1823 1765 ,
1883 1693 2266 1772 persequetur

171 1824 374 1887 neque
447 1805 728 1868 maritum
800 1805 1248 1889 impugnantem
1331 1802 1614 1867 attendet.
1698 1804 1989 1874 Quaestio
2062 1809 2263 1867 tamen

171 1920 426 2005 majoris
489 1921 774 1985 momenti
841 1922 912 1985 fit
974 1922 1040 1983 in
1105 1942 1246 1984 casu
1314 1922 1348 2003 ᾧ
1428 1924 1465 1982 2
1536 1926 1644 1985 art.
1721 1926 1802 1984 22
1878 1921 2121 1985 Codicis
2196 1921 2267 1984 de

175 2036 467 2101 Methodi
524 2060 682 2123 proc.
748 2039 814 2101 in
871 2038 938 2101 G.
999 2038 1181 2101 Orim.
1246 2038 1364 2101 Sed
1423 2044 1483 2102 et
1548 2038 1649 2101 hic
1705 2044 2000 2124 potestate
2073 2061 2268 2102 carere

175 2154 496 2218 mulierem
574 2177 746 2239 posse
826 2154 1182 2219 arbitramur
1268 2156 1409 2239 quia
1488 2154 1710 2237 alioqui
1791 2154 1867 2217 ad
1945 2154 2263 2217 absurdum

177 2272 538 2336 veniremus,
607 2272 866 2336 Maritus
932 2296 984 2336 v.
1054 2296 1103 2336 c.
1178 2272 1539 2337 adulterium
1605 2272 1906 2335 commisit
1968 2272 2035 2334 in
2107 2272 2267 2357 quod

174 2410 373 2474 poena
416 2388 578 2453 dicta
619 2395 710 2453 est
752 2412 826 2451 ex
868 2396 976 2453 art.
1023 2393 1146 2452 339
1193 2390 1259 2452 C.
1308 2389 1373 2451 P.
1443 2388 1561 2451 Sed
1627 2387 1743 2451 hoc
1800 2388 2043 2474 poenale
2100 2411 2267 2473 prae-

175 2512 426 2592 ceptum
484 2529 702 2571 vanum
745 2508 899 2572 foret
916 2559 930 2584 ‚
977 2508 1118 2592 quia
1184 2508 1435 2572 maritus
1492 2527 1795 2593 nunquam
1853 2506 2028 2571 uxori
2077 2506 2266 2571 facul-

175 2628 373 2687 tatem
421 2623 587 2687 daret
632 2624 706 2687 ad
751 2646 812 2686 se
854 2625 1052 2710 ipsum
1095 2625 1579 2709 persequendum.
1626 2624 1823 2687 Causa
1866 2624 1953 2687 ita
1995 2624 2267 2707 judicata

173 2746 274 2804 est
341 2741 636 2805 sententia
706 2741 922 2804 Curiae
994 2742 1345 2804 Provinciae
1419 2742 1763 2826 Groningae
1836 2742 1889 2804 d.
1960 2745 2037 2803 21
2109 2743 2265 2826 Aug.

179 2861 359 2920 1844
405 2858 472 2940 3).

270 2973 565 3044 Quaestio
600 2976 799 3060 gravis
839 2998 1042 3039 rursus
1085 2977 1258 3040 nobis
1287 2977 1481 3039 oritur
1525 2999 1601 3038 an
1629 2998 1763 3060 pars
1792 2976 1947 3039 laesa
1962 3026 1977 3053 ‚
2006 2995 2155 3059 quae
2192 2999 2267 3038 ex

176 3091 516 3175 praeceptis
576 3091 799 3154 codicis
859 3092 929 3154 de
988 3091 1180 3156 Meth.
1240 3115 1401 3178 proc.
1453 3093 1518 3156 in
1563 3093 1629 3156 C.
1676 3093 1859 3157 Crim.
1904 3115 1965 3156 se
2010 3092 2104 3156 liti
2149 3093 2263 3154 im-

175 3205 497 3269 miscuerit
511 3255 526 3282 ,
571 3206 870 3290 postulare
891 3211 1088 3291 potest
1126 3207 1326 3271 damni
1363 3208 1807 3271 resarcitionem
1848 3208 1914 3270 in
1958 3206 2265 3270 mulierem

175 3328 436 3407 nuptam
451 3374 466 3401 ,
525 3324 741 3388 marito
797 3325 1144 3389 facultatem
1204 3349 1369 3388 suam
1430 3349 1553 3389 non
1603 3327 2035 3410 interponente.
2083 3326 2261 3389 Cons.

174 3440 254 3504 B.
305 3441 378 3502 A.
423 3461 540 3502 van
583 3439 834 3505 Houton
879 3442 929 3524 4)
969 3447 1178 3526 negat,
1226 3443 1482 3506 affirmat
1526 3443 1702 3505 Cons
1750 3443 1807 3504 J.
1855 3444 1926 3505 A.
1974 3442 2016 3503 J
2020 3442 2163 3505 olles
2194 3438 2263 3525 5).

176 3557 344 3621 Cum
389 3558 711 3642 posteriore
753 3559 1004 3622 facimus
1050 3565 1110 3624 et
1153 3560 1392 3644 quidem
1464 3559 1560 3622 his
1633 3560 2027 3644 argumentis3
2104 3560 2267 3644 quod

172 3673 458 3759 quamvis
516 3673 738 3737 diceres
797 3674 1093 3738 actionem
1137 3672 1208 3736 de
1261 3673 1477 3735 damno
1538 3673 1909 3737 resarciendo
1952 3679 2145 3738 totam
2190 3674 2265 3737 ad

167 3792 276 3876 jus
325 3790 498 3855 civile
541 3791 832 3876 pertinere
849 3841 863 3867 ,
923 3797 1121 3854 tamen
1180 3791 1351 3854 nobis
1419 3790 1779 3855 concedatur
1842 3814 2079 3856 necesse
2144 3799 2266 3872 est,

273 3970 322 4046 3)
367 3971 555 4041 Leon,
604 3994 655 4031 0.
703 3975 737 4030 1.
789 3976 857 4032 ad
905 3981 1003 4032 art.
1058 3979 1192 4032 166.

271 4097 320 4180 4)
367 4106 622 4171 Themis,
670 4107 792 4171 III,
845 4111 939 4163 20.

273 4230 324 4316 ⁵)
369 4242 594 4316 Regtsg.
644 4241 840 4314 Bijbl.‚
889 4241 1009 4306 111,
1063 4244 1198 4297 122.
