2788 5114
1492 350 1574 407 48

485 520 639 593 Art.
701 521 861 590 171.
919 518 1029 590 De
1081 519 1488 619 nietigheid
1563 520 1695 593 der
1740 519 2179 619 handeling,
2234 520 2575 619 gegrond

588 676 684 749 op
745 651 872 724 het
924 653 1334 725 ontbreken
1397 653 1529 726 der
1599 654 2048 752 magtiging,
2122 654 2268 725 kan
2334 654 2573 725 alleen

584 781 769 856 door
845 784 936 856 de
1014 810 1309 876 vrouw,
1393 784 1537 859 den
1612 812 1784 859 man
1865 786 1950 858 of
2007 786 2259 858 hunne
2342 785 2567 883 erfge-

584 942 850 990 namen
888 916 1188 989 worden
1226 919 1697 1016 ingeroepen.

571 1193 838 1257 Nullitas
879 1216 1059 1277 quam
1101 1194 1269 1258 hicce
1305 1196 1597 1259 articulus
1638 1201 1929 1258 memorat
1971 1217 2093 1257 non
2152 1200 2244 1258 est
2296 1192 2568 1256 absoluta

481 1310 586 1373 sed
655 1310 904 1377 relativa
967 1312 1108 1395 quia
1170 1317 1410 1375 tantum
1487 1313 1765 1375 invocare
1840 1334 1967 1374 eam
2044 1316 2298 1396 possunt
2377 1330 2533 1371 uxor
2554 1359 2569 1385 ,

482 1424 732 1487 maritus
747 1475 764 1502 ,
805 1448 1124 1510 eorumque
1159 1426 1426 1504 heredeS‚
1456 1426 1560 1511 qui
1588 1425 1707 1490 hoc
1729 1427 1829 1510 jus
1860 1426 1933 1491 ab
1976 1426 2051 1490 iis
2087 1425 2388 1511 recipiunt
2416 1446 2568 1507 quos

480 1547 920 1624 repraesentant
981 1542 1029 1625 1)
1055 1593 1070 1620 ‚
1129 1543 1271 1628 quia
1292 1594 1307 1621 ,
1366 1543 1471 1626 qui
1526 1565 1663 1606 cum
1704 1564 1891 1606 uxore
1936 1549 2119 1628 agant
2168 1542 2319 1605 scire
2356 1541 2570 1606 debent

483 1661 687 1719 utrum
739 1678 863 1720 sese
907 1656 1168 1742 obligare
1211 1659 1402 1743 possit
1446 1682 1555 1722 nec
1598 1682 1689 1723 ne.
1751 1660 2177 1744 Unusquisque
2224 1659 2397 1724 debet
2442 1680 2567 1721 esse

483 1795 704 1857 gnarus
749 1774 1113 1838 conditionis
1157 1777 1284 1860 ejus
1330 1800 1450 1861 quo
1498 1800 1635 1841 cum
1679 1779 1821 1863 agit.
1869 1777 2038 1841 Haec
2079 1783 2280 1841 tamen
2324 1775 2569 1840 nullitas

485 1893 591 1950 aut
631 1910 872 1974 prorsus
913 1890 1156 1954 tollitur
1201 1897 1306 1954 aut
1348 1913 1456 1976 pro
1486 1897 1653 1977 parte
1696 1892 1761 1955 in
1816 1915 1957 1956 casu
2000 1898 2108 1957 art.
2149 1896 2345 1972 1423,
2382 1914 2567 1976 quum

487 2004 718 2068 debitor
758 2005 1004 2090 probare
1045 2012 1268 2092 posset,
1308 2008 1661 2071 creditorem
1704 2030 1905 2072 revera
1948 2008 2308 2073 solutionem
2338 2010 2401 2071 in
2444 2031 2569 2073 rem

488 2143 656 2184 suam
714 2121 976 2185 vertisse.
1036 2122 1344 2208 Temporis
1390 2123 1649 2208 spatium
1666 2172 1682 2201 ,
1725 2129 1796 2186 ut
1854 2123 2011 2187 actio
2058 2124 2133 2187 ad
2174 2124 2567 2188 invocandam

484 2260 615 2301 eam
650 2238 989 2303 nullitatem
1019 2246 1178 2303 recte
1213 2241 1597 2319 instituatur,
1642 2242 1829 2305 currit
1858 2263 1960 2326 per
1990 2241 2467 2325 quinquennium
2496 2266 2569 2305 ex

488 2360 594 2417 art.
647 2358 834 2432 1490,
879 2355 1042 2438 quod
1085 2356 1300 2441 incipit
1344 2380 1419 2421 ex
1457 2358 1583 2437 die,
1625 2380 1745 2443 quo
1792 2359 2241 2422 matrimonium
2276 2358 2564 2437 solvatur3

488 2469 540 2533 si
583 2475 782 2533 tamen
823 2471 1070 2535 nullitas
1115 2478 1186 2535 ut
1231 2472 1493 2536 defensio
1539 2474 1630 2538 vel
1674 2474 1946 2562 exceptio
1999 2475 2192 2538 valeat
2234 2496 2311 2537 ex
2354 2474 2568 2539 ultimo

492 2591 526 2672 ᾧ
586 2612 704 2674 qua
767 2590 904 2654 talis
986 2614 1212 2677 semper
1291 2592 1525 2656 valebit.
1602 2593 1785 2664 Quod
1850 2593 1925 2656 ad
1998 2591 2323 2656 tollendam
2386 2591 2566 2655 nulli-

484 2710 670 2769 tatem
741 2709 1064 2792 posteriore
1131 2709 1581 2772 confirmatione
1603 2760 1618 2787 ,
1671 2708 1772 2772 hic
1815 2709 1986 2773 nobis
2054 2708 2563 2793 distinguendum.

488 2822 672 2893 Quod
735 2823 810 2886 ad
875 2825 1387 2889 confirmationem
1460 2824 1660 2889 mariti
1744 2825 1995 2902 attinet,
2060 2829 2353 2906 quatenus
2416 2829 2566 2887 tunc

485 2939 700 3002 mulier
733 2940 1072 3004 nullitatem
1104 2942 1383 3006 invocare
1420 2942 1612 3026 possit
1652 2941 1919 3005 videmus
1963 2963 2038 3004 ex
2075 2940 2460 3005 adnotatione
2504 2941 2566 3002 in

486 3058 594 3115 art.
642 3057 782 3116 163.
828 3055 1012 3126 Quod
1055 3055 1130 3118 ad
1188 3057 1393 3119 uxoris
1442 3057 1953 3119 confirmationem
2004 3056 2254 3132 attinet,
2288 3054 2433 3119 haec
2486 3057 2567 3132 si,

487 3169 738 3234 durante
770 3172 1153 3236 matrimonio
1170 3223 1186 3250 ,
1229 3172 1406 3235 datur
1456 3171 1681 3235 nullius
1719 3172 2005 3234 momenti
2064 3177 2185 3249 est,
2233 3173 2378 3255 quia
2418 3178 2566 3236 tunc

488 3287 845 3352 auctoritate
867 3289 1070 3352 mariti
1090 3289 1338 3374 indiget.
1366 3289 1758 3352 Matrimonio
1783 3293 1981 3351 tamen
2010 3287 2323 3366 dissolute,
2345 3288 2571 3366 mulier,

486 3425 637 3486 quae
680 3408 826 3467 tunc
867 3426 1177 3489 personam
1229 3404 1427 3468 standi
1476 3404 1543 3466 in
1586 3403 1819 3488 judicio
1882 3403 2126 3488 recipit,
2164 3427 2291 3467 eam
2330 3404 2423 3469 vel
2465 3427 2566 3468 ex-

487 3543 682 3606 presse
697 3573 712 3601 ,
771 3523 994 3608 scripto
1010 3573 1026 3601 ,
1085 3523 1177 3587 vel
1235 3523 1417 3586 tacite
1432 3571 1447 3600 ,
1502 3527 1875 3586 contractum
1918 3522 2275 3607 perficiendo
2294 3571 2309 3599 ‚
2353 3523 2567 3586 confir-

491 3659 650 3701 mare
692 3643 905 3723 potest.

576 3757 920 3820 Nonnullae
984 3758 1226 3842 insuper
1289 3757 1558 3820 existunt
1629 3777 1912 3841 personae
1932 3805 1948 3832 ,
2015 3777 2165 3839 quae
2230 3755 2567 3820 nullitatem

487 3871 790 3935 interdum
845 3873 1121 3938 invocare
1179 3878 1431 3960 possunt
1452 3923 1467 3949 ,
1534 3872 1739 3935 uxoris
1803 3893 2010 3956 nempe
2077 3870 2397 3935 creditores
2471 3873 2569 3936 sed

488 3996 725 4054 tantum
767 3991 884 4055 hoc
925 3993 992 4055 in
1036 4014 1175 4056 casu
1213 3998 1318 4055 art.
1371 3995 1489 4055 137
1500 3995 1533 4055 7
1582 4012 1767 4074 quum
1811 3989 2151 4053 fraudulose
2196 4011 2399 4054 eorum
2436 3992 2569 4075 jura

491 4108 861 4171 minuuntur.

579 4265 621 4341 l)
667 4267 989 4337 Voorduin‚
1040 4288 1090 4325 o.
1139 4269 1174 4326 l.
1223 4269 1297 4324 Π.
1352 4271 1489 4324 291.
