2788 5114
1555 288 1594 345 4

534 459 653 530 vel
692 457 847 552 ejus
893 455 1269 528 commoda
1311 481 1478 528 cum
1527 456 1777 528 uxoris
1824 467 2189 553 pugnent,
2232 456 2309 526 in
2344 454 2621 551 quibus

533 589 870 662 omnibus
914 589 1240 663 tribunal
1285 589 1631 662 indicavit
1672 589 1991 684 judicem
2046 600 2612 688 competentem.

631 721 838 812 Quod
871 721 959 794 ad
991 721 1467 794 invocandam
1493 721 1989 795 rescissionem
2016 722 2320 796 actionis
2344 723 2620 794 attinet

533 858 688 930 sine
737 857 983 929 mariti
1027 880 1379 930 consensu
1426 857 1648 930 initae
1670 915 1685 946 ‚
1726 857 1858 930 hoc
1890 868 2181 930 tantum
2217 858 2429 930 uxori
2466 883 2619 928 ma-

532 991 678 1064 rito
711 1014 1051 1063 eorumve
1087 990 1468 1062 heredibus
1497 991 1687 1064 licet.
1730 990 1937 1081 Quod
1958 992 2425 1089 privilegium
2462 1017 2620 1064 non

533 1125 850 1222 amplius
883 1125 1077 1198 valet
1109 1124 1323 1196 uxori
1360 1124 1460 1214 si,
1501 1123 1852 1196 dissoluto
1890 1124 2357 1196 matrimonio
2382 1181 2401 1214 ‚
2450 1147 2619 1195 con-

532 1268 848 1336 tractum
899 1269 1138 1332 totum
1189 1258 1307 1330 vel
1365 1283 1495 1355 pro
1550 1269 1753 1355 parte
1806 1271 2145 1332 exsecuta
2191 1258 2325 1348 sit,
2378 1281 2620 1354 quum

532 1391 904 1490 legislator
971 1391 1284 1464 decrevit
1351 1393 1763 1489 generalem
1835 1417 2264 1465 consensum
2292 1451 2308 1482 ,
2389 1417 2619 1488 quem

533 1527 871 1624 conjuges
924 1527 1001 1598 in
1054 1527 1285 1624 pactis
1341 1525 1964 1624 antenuptialibus
2012 1525 2344 1623 stipulati
2393 1536 2576 1597 sunt
2596 1581 2613 1614 ‚

537 1671 829 1735 tantum
862 1661 1110 1734 uxoris
1145 1660 1336 1734 bona,
1373 1672 1719 1758 spectare.

634 1791 888 1864 Libere
920 1818 1087 1865 cum
1113 1793 1331 1865 tertio
1353 1817 1561 1890 agere
1583 1804 1821 1890 potest
1856 1818 2043 1866 uxor
2075 1804 2148 1865 et
2183 1803 2266 1864 ut
2297 1793 2619 1888 innupta

539 1927 869 2018 habetur,
898 1926 996 2014 si,
1028 1927 1292 1999 marito
1312 1949 1649 2022 expresse
1678 1927 1796 1997 vel
1828 1925 2045 1998 tacite
2073 1922 2578 1997 consentiente
2596 1980 2612 2011 ‚

541 2059 906 2157 publicam
968 2060 1124 2156 agit
1190 2073 1671 2134 mercaturam
1729 2083 1958 2157 eoque
2025 2058 2249 2155 igitur
2312 2057 2391 2130 in
2446 2082 2620 2130 casu

539 2193 785 2266 mariti
818 2218 1167 2267 consensu
1200 2194 1265 2266 ei
1299 2219 1447 2267 non
1485 2217 1668 2291 opus
1702 2204 1812 2266 est
1830 2250 1847 2284 ,
1888 2192 2037 2265 imo
2070 2190 2133 2262 si
2166 2190 2612 2266 communio-

542 2353 708 2400 nem
762 2328 1059 2402 inierint
1112 2330 1227 2403 vel
1279 2329 1586 2402 maritus
1642 2328 1731 2400 iis
1788 2327 1969 2400 actis
2030 2336 2323 2400 tenetur
2339 2383 2357 2417 ‚
2428 2349 2618 2422 quae

539 2463 870 2561 exceptio
912 2465 1070 2560 jam
1124 2464 1203 2536 in
1254 2475 1503 2536 nostro
1542 2461 1847 2559 antiquo
1877 2463 2043 2557 jure
2084 2459 2458 2532 invenitur
2477 2458 2562 2554 ⁸).

635 2595 1012 2671 Postremo
1054 2623 1202 2671 uno
1246 2599 1324 2670 in
1369 2623 1535 2671 casu
1572 2598 1786 2672 uxori
1822 2623 1970 2670 non
2006 2622 2191 2693 opus
2224 2608 2333 2669 est
2366 2596 2615 2671 mariti

539 2756 892 2805 consensu
919 2789 937 2822 ‚
1021 2757 1281 2829 nempe
1313 2812 1325 2831 ι
1357 2732 1448 2805 ad
1531 2731 1949 2806 testandum
1976 2787 1994 2821 ,
2088 2731 2282 2828 quod
2366 2740 2617 2803 nostro

541 2866 845 2963 antiquo
886 2868 1056 2961 jure
1111 2867 1345 2939 solum
1402 2866 1855 2964 prohibitum
1908 2876 2062 2937 erat
2115 2864 2192 2937 in
2246 2863 2619 2961 provincia

542 3000 1079 3073 Transisalania
1118 2999 1201 3097 ⁹).

632 3226 676 3299 3)
721 3227 807 3282 De
854 3228 1070 3294 Groot,
1120 3246 1172 3285 ο.
1219 3227 1254 3283 l.
1307 3230 1382 3283 24
1432 3234 1486 3285 et
1534 3232 1629 3285 25.

635 3349 680 3425 9)
724 3352 786 3408 L.
834 3352 900 3408 R.
949 3371 999 3408 v,
1050 3350 1214 3408 Over.
1262 3352 1338 3408 Π.
1373 3330 1444 3449 β
1478 3358 1579 3409 art.
1619 3354 1670 3410 7.
1706 3353 1783 3408 St.
1824 3352 1889 3408 R.
1924 3351 2147 3433 v.·Dev.
2181 3348 2288 3405 ΙΙΙ.
2326 3353 2382 3405 4.
2416 3354 2514 3405 art.
2564 3353 2611 3405 6.
