2788 5114
1262 325 1340 383 45

352 494 469 557 Sed
539 494 764 579 judicis
844 494 1215 558 cantonnalis
1281 516 1405 557 non
1468 500 1667 580 potest
1746 516 1869 558 esse
1892 545 1906 571 ‚
1988 494 2343 557 auctoritate

255 610 572 675 mulierem
615 611 847 675 munire
899 612 1097 676 standi
1155 611 1221 674 in
1256 611 1489 695 judicio
1534 611 1628 675 vel
1672 617 2015 677 contractus
2062 611 2329 687 ineundi,

254 727 407 811 quia
470 726 587 790 hoc
652 732 888 791 tantum
955 727 1269 791 tribunalis
1334 741 1439 791 est.
1511 727 1801 791 Putamus
1843 728 2033 812 igitur
2069 750 2104 790 a
2136 728 2344 811 judice

255 846 606 909 cantonnali
651 868 719 909 ea
763 846 1278 910 administratione
1329 846 1603 909 ordinata
1618 897 1634 923 ‚
1677 847 1982 910 mulierem
2028 846 2344 911 tribunalis

257 965 624 1028 auctoritate
676 964 959 1049 indigere.

353 1080 693 1165 Conjugum
745 1080 1058 1145 commoda
1113 1087 1260 1145 tunc
1321 1080 1516 1143 solum
1574 1080 1687 1144 sibi
1748 1080 2043 1143 adversari
2096 1086 2346 1165 possunt

255 1219 451 1281 quum
472 1220 592 1261 non
616 1198 1093 1261 communionem
1113 1199 1381 1262 inierunt
1404 1199 1494 1262 vel
1524 1221 1707 1282 quum
1731 1221 1932 1262 mensa
1962 1221 2031 1263 ac
2051 1198 2229 1263 thoro
2253 1218 2323 1260 ve

256 1313 438 1377 bonis
459 1316 713 1399 separati
735 1320 891 1377 sunt.
915 1315 1137 1378 Utrum
1159 1321 1357 1379 autem
1390 1313 1485 1379 his
1515 1314 1842 1379 enumerari
1873 1315 2046 1379 debet
2076 1319 2346 1377 contrac-

255 1436 365 1493 tus
402 1452 436 1493 a
471 1431 715 1493 muliere
752 1430 941 1494 initus
976 1431 1042 1494 in
1073 1431 1452 1494 commodum
1488 1432 1716 1509 mariti,
1752 1454 1827 1495 an
1856 1430 1958 1495 hic
1980 1431 2139 1495 valet
2159 1451 2345 1513 quum

256 1548 390 1633 ipse
441 1548 858 1611 auctoritatem
896 1548 1012 1611 dat.
1060 1547 1102 1609 J
1102 1570 1208 1611 ure
1244 1548 1533 1612 Francico
1580 1549 1877 1612 curiarum
1922 1548 2249 1611 sententiae
2292 1546 2341 1629 ²)

258 1664 532 1727 sufficere
575 1670 931 1727 censuerunt
967 1685 1319 1727 consensum
1364 1664 1565 1727 mariti
1605 1663 1707 1726 sed
1742 1663 1805 1725 in
1858 1685 1929 1727 60
1966 1665 2343 1748 praeceptum

259 1780 562 1843 commodi
623 1780 988 1843 adversantis
1032 1802 1154 1843 non
1195 1780 1261 1842 in
1304 1779 1434 1864 lege
1478 1785 1859 1843 enumeratur
1900 1783 1971 1841 ut
2016 1777 2173 1863 apud
2215 1799 2341 1839 nos

259 1896 738 1980 Dijudicandum
781 1898 970 1981 igitur
1025 1896 1197 1960 nobis
1249 1902 1340 1960 est
1392 1919 1468 1959 611
1512 1901 1660 1959 tunc
1697 1894 2007 1959 commoda
2051 1892 2347 1957 contraria

259 2013 526 2077 existant
577 2018 638 2075 et
687 2017 966 2097 putamus
1025 2012 1439 2075 affirmandum
1490 2034 1629 2075 esse.
1700 2010 1925 2074 Mulier
1968 2014 2344 2074 contractum

258 2130 328 2193 in
374 2129 751 2193 commodum
795 2128 993 2192 mariti
1039 2128 1301 2192 ineundo
1345 2130 1659 2193 facultates
1696 2152 1832 2192 suas
1870 2128 2092 2191 minuit
2107 2178 2123 2205 ,
2159 2148 2347 2212 quum

258 2245 466 2309 mariti
510 2251 931 2309 accrescerunt.
979 2245 1069 2308 Ut
1113 2268 1314 2331 pugna
1379 2246 1621 2329 quidem
1686 2268 1809 2309 non
1868 2246 1949 2309 sit
1999 2246 2157 2308 inter
2213 2265 2346 2328 per-

261 2386 440 2427 sonas
513 2363 615 2427 sed
669 2364 826 2427 inter
892 2363 1216 2427 commoda.
1293 2365 1605 2429 Sententia
1670 2372 1866 2429 tamen
1933 2369 2098 2429 extat
2152 2360 2347 2427 tribu—-

259 2478 419 2542 nalis
469 2477 1037 2542 Amstelodamensis
1103 2480 1151 2564 3)
1228 2501 1405 2564 quam
1469 2478 1611 2543 huic
1685 2480 1988 2544 doctrinae
2048 2479 2343 2543 adversari

259 2601 558 2681 putamus,
627 2595 705 2658 In
769 2617 836 2658 66
879 2595 1217 2679 judicatum
1281 2603 1371 2660 est
1387 2646 1403 2674 ‚
1480 2623 1512 2653 n
1535 2597 1637 2660 dat
1702 2602 1797 2660 tot
1855 2597 1927 2660 de
1995 2595 2351 2680 doorhaling

267 2740 300 2766 n
323 2734 438 2776 van
480 2710 866 2797 hypotheken
925 2717 1027 2775 ten
1078 2711 1336 2776 behoeve
1394 2734 1509 2776 van
1565 2711 1852 2798 gehuwde
1910 2734 2186 2776 vrouwen
2202 2761 2217 2789 ‚
2271 2733 2349 2796 op

267 2857 300 2885 tt
323 2829 395 2893 de
438 2830 729 2914 goederen
780 2828 952 2892 harer
1003 2829 1441 2914 echtgenooten
1493 2830 1802 2915 bedongen
1819 2879 1834 2907 ‚
1894 2829 1965 2892 de
2015 2827 2349 2912 behoorIiJk

266 2972 298 2998 u
319 2942 661 3008 verklaarde
695 2943 1118 3026 toestemming
1154 2943 1257 3005 der
1292 2965 1496 3006 vrouw
1539 2953 1661 3007 met
1698 2944 2043 3009 autorisatie
2081 2967 2190 3008 van
2234 2944 2347 3007 den

264 3088 298 3118 u
318 3083 457 3122 man
481 3059 808 3122 voldoende
829 3060 882 3121 is
899 3110 914 3137 ,
947 3060 1163 3122 zonder
1192 3061 1394 3145 eenige
1423 3060 1763 3146 regterlijke
1792 3061 2293 3126 tusschenkomst.
2311 3088 2343 3118 tt

259 3176 524 3238 Omnino
591 3175 856 3261 indigere
927 3181 1206 3260 putamus
1230 3226 1245 3252 ‚
1322 3199 1460 3240 nam
1534 3199 1719 3260 quum
1786 3178 1999 3241 mulier
2064 3176 2348 3241 concedet

257 3293 656 3380 hypothecam
693 3295 758 3357 in
801 3294 926 3378 ejus
970 3294 1348 3358 commodum
1391 3296 1740 3380 inscriptam
1783 3295 1941 3373 tolli,
1986 3302 2117 3360 tum
2157 3295 2347 3359 facul-

255 3417 455 3476 tatum
515 3413 891 3476 securitatem
951 3412 1202 3489 minuit,
1263 3412 1405 3475 dum
1457 3411 1613 3475 bona
1671 3411 1872 3475 mariti
1917 3432 2092 3474 onere
2134 3409 2348 3474 liberat

255 3551 458 3592 11011116
487 3534 634 3592 tunc
662 3529 880 3592 adsunt
910 3528 1222 3592 commoda
1245 3529 1582 3592 contraria?
1618 3528 1785 3600 Quid
1816 3534 2014 3591 autem
2042 3527 2349 3612 significat

257 3666 417 3709 vox:
469 3670 502 3701 n
520 3642 729 3708 beheer
758 3644 1015 3707 voeren?
1042 3670 1073 3698 n
1121 3644 1221 3704 An
1251 3648 1312 3705 et
1352 3646 1708 3728 potestatem
1753 3641 2023 3704 continet
2051 3641 2349 3705 alienandi

255 3782 352 3825 res
374 3759 637 3823 mobiles,
663 3759 808 3822 Non
839 3759 1133 3836 continet,
1170 3780 1308 3820 nam
1331 3779 1517 3841 quum
1540 3756 1796 3841 aliquem
1818 3757 1939 3820 tuis
1962 3756 2135 3820 bonis
2158 3757 2348 3820 admi-

255 3875 586 3942 nistrandis
616 3876 926 3960 praeponis
959 3880 1107 3938 tunc
1128 3873 1240 3937 hac
1260 3897 1322 3937 re
1342 3897 1467 3937 11011
1488 3879 1843 3960 potestatem
1867 3873 1921 3937 ei
1943 3873 2182 3960 praebes
2206 3873 2349 3937 alie-

252 3994 612 4062 nandorum.
643 3994 837 4056 Tutor
869 3993 1116 4056 minoris
1145 3992 1304 4056 bona
1333 3992 1711 4056 administrat
1740 3991 1844 4055 sed
1875 3991 2126 4056 alienare
2148 3993 2204 4055 ei
2224 4014 2351 4057 non

349 4127 396 4203 2)
439 4128 690 4195 Pailliet,
739 4146 790 4183 0.
837 4125 873 4182 l.
923 4126 994 4182 ad
1039 4131 1140 4183 art.
1193 4128 1331 4185 217.

348 4229 398 4308 3)
439 4228 625 4298 Leon,
674 4251 727 4288 0.
773 4231 808 4286 l.
857 4229 928 4285 ad
974 4235 1075 4287 art.
1128 4232 1308 4288 1239.
