2788 5114
1468 316 1549 372 2ss

470 482 544 547 ab
604 504 788 545 uxore
863 483 955 547 vel
1021 483 1333 547 heredibus
1399 506 1573 569 posse
1642 484 1909 546 invocari
1932 534 1946 559 ‚
2020 504 2208 565 quum
2260 480 2349 543 Cl.
2422 478 2575 561 Op-

472 620 708 661 zoomer
747 597 796 678 4)
865 603 1074 660 contra
1138 597 1360 671 sentit,
1426 595 1765 659 nullitatem
1816 601 1948 658 tum
2005 594 2201 658 solum
2258 593 2577 657 sublatam

471 736 595 776 esse
654 712 1038 797 conjugibuS‚
1095 735 1280 795 quum
1341 712 1545 773 uxoris
1604 717 1737 773 acta
1796 710 2044 773 maritus
2102 732 2212 772 suo
2258 730 2575 772 consensu

470 830 796 892 confirmat.
851 828 1004 891 Cum
1048 828 1371 912 posteriore
1413 828 1665 889 facimus
1682 876 1697 903 ‚
1742 826 1972 889 scilicet
2014 825 2353 901 mulierem,
2400 846 2575 907 quae

470 953 608 1010 ante
669 968 1020 1009 consensum
1074 952 1278 1031 postea
1335 945 1539 1008 datum
1558 996 1572 1020 ‚
1634 949 1905 1007 actorum
1962 943 2304 1007 nullitatem
2363 942 2575 1028 possit

465 1060 742 1123 invocare
785 1082 819 1121 a
875 1059 1092 1121 marito
1137 1057 1322 1121 hocce
1387 1058 1674 1121 beneficio
1719 1058 1937 1143 privari
1981 1079 2104 1121 non
2163 1080 2337 1143 posse
2390 1065 2569 1121 acta-

467 1200 582 1261 que
632 1178 719 1240 ita
769 1182 1004 1240 tantum
1053 1175 1242 1239 valere
1285 1176 1504 1239 marito
1546 1176 1850 1261 ipsiusque
1893 1175 2210 1239 heredibus
2255 1177 2323 1258 5).
2374 1176 2565 1239 Cous.

470 1296 711 1359 Pailliet
746 1295 1102 1359 sententiam
1145 1300 1464 1371 memorat,
1495 1315 1613 1376 qua
1648 1292 1877 1368 mulier,
1921 1314 2072 1375 quae
2116 1292 2349 1356 litteras
2394 1316 2565 1356 cam-

465 1413 648 1478 biales
691 1414 756 1476 in
807 1413 1084 1475 maritum
1132 1412 1433 1489 trassavit‚
1476 1433 1625 1494 quae
1669 1411 1741 1474 ab
1785 1432 1855 1473 eo
1898 1418 2040 1474 sunt
2076 1416 2380 1495 acceptae,
2419 1412 2563 1495 jure

469 1530 648 1614 hujus
679 1531 933 1595 actionis
961 1530 1300 1593 nullitatem
1330 1530 1608 1593 invocare
1636 1535 1863 1614 potest,
1906 1530 2049 1613 quia
2079 1551 2402 1593 consensus
2432 1552 2563 1592 non

472 1648 689 1713 aderat.
715 1650 978 1713 Omnino
999 1649 1312 1734 probamus
1330 1649 1484 1713 hanc
1506 1650 1876 1713 sententiam.
1904 1649 2195 1719 Quamvis
2210 1672 2562 1735 opponeres,

473 1766 615 1850 quia
645 1772 929 1829 trassator
947 1816 961 1842 ,
992 1766 1222 1828 litteras
1255 1764 1568 1829 cambiales
1598 1764 1931 1843 trassand0‚
1969 1765 2213 1828 mandat
2234 1772 2305 1829 ut
2334 1772 2561 1830 trassa-

471 1888 571 1944 tus
601 1881 899 1965 quandam
929 1882 1214 1966 pecunia-e
1245 1904 1535 1945 summam
1565 1883 1630 1944 in
1653 1881 1911 1965 quodam
1932 1883 2064 1946 loco
2088 1884 2305 1960 solvat,
2336 1889 2558 1947 trassa-

468 2001 598 2059 tum
613 2046 627 2072 ‚
653 1998 703 2059 si
727 2002 1013 2082 acceptat,
1036 1998 1383 2061 mandatum
1408 1997 1670 2081 accipere
1693 2004 1753 2061 et
1775 1998 1982 2082 igitur,
2004 2000 2286 2063 mandato
2308 2005 2557 2083 accepto

473 2133 508 2172 a
560 2111 775 2174 marito
794 2161 808 2187 ,
853 2110 1030 2173 simul
1076 2111 1331 2174 actionis
1375 2112 1581 2173 uxoris
1627 2111 2136 2176 confirmationem
2181 2114 2558 2201 subintelligi

470 2252 672 2314 posse3
707 2230 796 2293 ita
832 2236 1031 2293 tamen
1071 2230 1471 2306 confirmatiO,
1510 2236 1580 2293 ut
1609 2232 1733 2314 jam
1772 2253 1947 2316 supra
1984 2233 2402 2296 adnotavimus
2425 2284 2439 2311 ,
2480 2256 2557 2297 ex

467 2346 644 2409 factis
667 2351 728 2408 et
765 2346 1232 2410 circumstantiis
1256 2346 1615 2410 desumenda
1635 2370 1754 2411 non
1786 2356 1876 2411 est
1907 2371 1974 2411 ac
1996 2349 2287 2433 scriptum
2308 2350 2556 2434 aliquod

473 2464 646 2528 debet
677 2464 900 2542 adesse,
933 2487 1052 2549 quo
1082 2465 1332 2528 maritus
1365 2466 1539 2528 uxori
1570 2467 1989 2531 auctoritatem
2017 2467 2293 2551 praebeat
2320 2468 2559 2533 litteras

473 2580 788 2644 cambiales
832 2581 1141 2644 trassandi.

554 2699 631 2760 ln
679 2698 1020 2783 speciminis
1070 2699 1210 2761 anni
1265 2701 1433 2762 1820
1488 2706 1595 2764 art.
1652 2705 1777 2764 226
1830 2702 2100 2784 quaestio
2152 2702 2405 2767 dii-emta
2434 2711 2557 2780 est,

467 2837 617 2899 quae
666 2822 798 2878 orta
833 2821 961 2879 erat
994 2815 1060 2877 in
1112 2814 1364 2878 Francia
1379 2866 1394 2886 ,
1434 2838 1509 2878 an
1552 2837 1705 2878 uxor
1764 2823 2105 2880 contractus
2158 2825 2357 2902 posset
2397 2819 2557 2882 inire

467 2937 530 2994 et
577 2930 819 3014 quidem
869 2930 985 2994 hoc
1032 2930 1210 2993 modo
1257 2957 1266 2992 ε
1319 2959 1348 2982 u
1373 2953 1517 2994 eene
1574 2931 1913 3016 getrouwde
1974 2953 2175 2995 vrouw
2230 2933 2355 2997 kan
2406 2935 2558 2998 door

385 3124 387 3128 ι
477 3075 506 3103 u
533 3047 1112 3132 onderhandelingen
1130 3097 1144 3124 ‚
1188 3046 1397 3111 buiten
1438 3047 1803 3132 bewilliging
1846 3070 1960 3112 van
2003 3047 2184 3111 haren
2228 3072 2367 3112 man
2410 3073 2555 3114 aan—

477 3193 508 3220 υ
533 3187 761 3250 gegaan
777 3216 791 3242 ‚
828 3163 985 3228 noch
1023 3163 1153 3227 zich
1191 3163 1353 3228 zelve
1389 3164 1545 3228 noch
1582 3164 1766 3228 haren
1801 3187 1940 3228 man
1976 3165 2299 3229 verbinden
2314 3218 2333 3244 ,
2368 3173 2551 3252 tenzij

476 3309 505 3334 n
533 3281 630 3343 die
664 3279 1246 3364 onderhandelingen
1280 3278 1623 3342 naderhand
1653 3280 1798 3344 door
1832 3279 1970 3344 hem
1998 3282 2235 3345 worden
2263 3282 2550 3348 bekrach-

478 3424 508 3450 n
528 3397 662 3480 tigd
683 3404 794 3461 etc.
817 3425 849 3456 u
900 3396 1039 3460 Hoc
1073 3402 1453 3482 praeceptum
1491 3420 1611 3460 non
1647 3397 1953 3462 invenitur
1986 3399 2051 3461 in
2086 3405 2293 3463 nostro
2332 3401 2548 3464 codice.

472 3511 570 3574 Ex
613 3511 744 3575 aliis
775 3535 914 3598 ergo
952 3513 1219 3577 articulis
1263 3513 1435 3577 nobis
1480 3514 2017 3598 argumentandum
2052 3516 2197 3594 erit,
2231 3517 2373 3600 quia
2407 3517 2552 3582 haec

478 3628 722 3691 omnino
767 3631 1060 3693 sententia
1101 3635 1228 3693 erat
1270 3629 1642 3714 legislatoris,

557 3849 605 3925 4)
648 3851 756 3909 Mr.
809 3851 870 3907 O.
917 3849 1002 3906 W.
1052 3850 1380 3925 Opzoomer.
1428 3849 1544 3906 Het
1579 3850 1925 3925 Burgerlijke
1962 3852 2252 3909 Wetboek.
2286 3887 2372 3894 ——
2410 3856 2549 3912 Atm-

648 3951 946 4026 teekening
999 3970 1071 4026 op
1129 3950 1195 4007 de
1255 3948 1525 4006 artikelen
1579 3949 1669 4007 die
1722 3951 1887 4008 thans
1939 3970 2052 4026 nog
2102 3953 2419 4031 verklaring
2461 3957 2549 4014 be—

649 4055 895 4122 hoeven,
943 4053 972 4108 I
1022 4054 1096 4112 74
1144 4057 1199 4109 et
1244 4072 1357 4127 seq.

565 4188 612 4260 ⁵)
659 4188 740 4243 Cf.
789 4188 1101 4262 Opzoomer
1143 4187 1178 4241 l.
1226 4186 1260 4241 l.
