2788 5114
1257 346 1334 404 41

237 519 294 581 si
359 518 608 581 maritus
665 522 1033 581 mercaturae
1091 539 1213 579 non
1272 515 1548 580 obstaret.
1608 514 1727 577 Sed
1784 536 1963 597 quare
2008 534 2328 576 consensus

239 635 484 721 probari
550 633 736 697 debet.
803 634 966 705 Quia
1028 634 1154 696 sine
1213 631 1329 696 hoc
1387 633 1708 696 mercatrix
1757 630 1994 717 publica
2037 652 2163 693 esse
2205 653 2327 695 non

239 758 476 839 potest,
519 752 758 836 ejusque
799 752 959 815 facta
999 752 1188 837 igitur
1229 752 1396 815 nulla
1438 751 1721 815 declarari
1773 756 2039 837 possunt.

339 870 676 957 Legislator
719 870 936 932 marito
987 870 1306 956 praecipit,
1364 876 1436 933 ut
1480 871 1727 934 maritus
1779 869 2043 955 publicet
2094 869 2146 931 si
2190 888 2333 930 con-

239 1010 486 1052 sensum
557 987 796 1049 adimat.
870 985 987 1049 Sed
1059 986 1420 1070 quomodo?
1506 986 1589 1051 Et
1660 985 1761 1049 hic
1843 984 2026 1048 alium
2088 983 2333 1046 modum

241 1105 452 1168 adesse
521 1119 699 1187 quam
757 1100 1158 1186 ephemerides
1199 1124 1322 1165 non
1381 1102 1690 1166 credimus
1763 1102 2076 1173 Quatenus
2135 1104 2333 1164 autem

241 1218 500 1282 maritus
531 1218 735 1280 uxoris
777 1217 953 1280 factis
969 1267 984 1293 ‚
1028 1239 1178 1300 quae
1221 1218 1541 1281 mercatrix
1574 1215 1814 1302 publica
1850 1216 2006 1301 egit,
2050 1218 2333 1281 tenetur?

243 1337 316 1399 Si
385 1335 861 1399 communionem
917 1333 1182 1398 inierunt
1224 1333 1519 1398 bonorum
1584 1340 1667 1413 et⁴
1706 1333 1880 1397 illum
1943 1333 2131 1397 teneri
2187 1334 2338 1398 dicit

241 1457 453 1516 noster
507 1450 810 1515 articulus,
870 1450 936 1513 Si
1005 1449 1158 1513 bona
1228 1450 1419 1535 pactis
1492 1451 1999 1537 antenuptialibus
2072 1457 2339 1537 separata

243 1576 394 1633 sunt
435 1575 568 1633 tum
609 1570 737 1631 sine
782 1567 963 1631 dubio
1006 1572 1245 1631 tantum
1303 1568 1569 1631 mulieris
1613 1568 1769 1632 bona
1811 1574 2105 1633 tenentur.
2167 1568 2336 1640 Quid

241 1689 447 1747 autem
483 1684 536 1746 si
573 1683 1052 1746 communionem
1087 1682 1240 1746 lueri
1277 1689 1337 1746 et
1375 1682 1576 1746 damni
1612 1683 1895 1747 inierint?
1943 1684 2236 1750 Maritum
2258 1707 2334 1748 ex

243 1801 504 1865 articulo
550 1803 668 1863 211
719 1800 768 1882 ³)
814 1805 1053 1864 tantum
1089 1801 1153 1862 in
1187 1800 1497 1864 dimidiam
1526 1806 1754 1886 partem
1785 1802 1974 1865 teneri
2021 1802 2333 1866 credimus

244 1916 316 1979 Si
365 1914 606 1992 mulier,
651 1916 867 1979 marito
908 1916 1101 1979 inscio
1140 1939 1191 1979 v.
1238 1938 1286 1979 c.
1305 1966 1320 1992 ‚
1352 1938 1423 1978 6ο
1460 1916 1731 1994 absente,
1775 1924 2166 1982 mercaturam
2212 1920 2337 2004 egit

242 2032 351 2096 1116
393 2054 462 2095 eo
504 2054 627 2095 non
671 2038 907 2095 tenetur
949 2055 1085 2095 nam
1127 2054 1316 2116 neque
1361 2054 1669 2117 expressus
1712 2056 1902 2117 neque
1930 2036 2155 2099 tacitus
2188 2058 2329 2099 con-

247 2172 459 2213 sensus
519 2148 700 2212 adest.

339 2267 629 2339 Quaestio
702 2267 899 2351 gravis
966 2265 1278 2329 tractanda
1340 2271 1446 2329 est.
1515 2266 1615 2326 An
1679 2287 1886 2351 nempe
1951 2289 2161 2331 manus
2241 2270 2335 2331 111-

236 2385 508 2471 jectione
584 2384 834 2447 maritus
907 2388 1104 2467 potest
1186 2382 1340 2446 affici
1418 2388 1488 2446 ut
1571 2389 1913 2446 contractus
1994 2406 2337 2469 exsequere-

245 2509 353 2567 tur
424 2502 610 2565 initos
676 2500 749 2565 ab
821 2522 1006 2564 uxore
1079 2499 1422 2564 mercatrice
1494 2498 1745 2585 publica.
1808 2500 1991 2572 Quod
2051 2502 2125 2565 ad
2182 2502 2337 2588 juris

247 2620 558 2684 consultos
624 2619 942 2682 Francicos
967 2669 982 2696 ,
1048 2616 1296 2681 Pothier
1362 2616 1411 2699 4)
1487 2623 1548 2680 et
1614 2617 2011 2683 Delvincourt
2093 2620 2184 2702 ⁵),
2251 2622 2338 2684 af-

246 2738 492 2800 firmant
564 2745 913 2821 argumento
936 2785 951 2813 ‚
1026 2735 1306 2798 maritum
1371 2734 1637 2798 mulieris
1703 2736 1933 2798 socium
1991 2738 2214 2800 censeri
2275 2744 2335 2801 et

247 2855 482 2918 socium
525 2853 704 2916 etiam
749 2875 991 2936 corpore
1034 2852 1218 2914 teneri
1280 2850 1711 2928 contractibuS‚
1770 2873 1921 2935 quos
1980 2851 2129 2916 alter
2186 2853 2336 2917 inie-

244 2974 357 3050 rit,
401 2971 599 3034 socius
621 3020 636 3048 ,
702 2970 807 3054 qui
859 2971 1203 3032 societatem
1264 2968 1527 3052 obligare
1589 2969 1869 3053 potuerit.
1941 2969 2210 3032 Toullier
2276 2971 2329 3054 6)

246 3088 538 3153 Mareade
593 3088 641 3170 ⁷)
711 3094 772 3151 et
837 3087 1156 3150 Dur-anton
1221 3081 1268 3168 8)
1335 3093 1559 3170 negant
1632 3091 1841 3150 contra
1870 3136 1885 3162 ‚
1945 3092 2336 3171 argumento:

245 3229 462 3270 manus
524 3205 908 3289 injectionem
974 3203 1231 3265 exerceri
1292 3223 1416 3264 non
1471 3223 1641 3286 posse
1699 3201 1815 3264 nisi
1872 3202 1937 3263 in
2004 3201 2236 3265 casibus
2302 3225 2337 3264 a

337 3391 385 3462 3)
429 3387 550 3443 Art.
601 3389 738 3442 211.
786 3385 894 3441 Elk
939 3384 1037 3441 der
1081 3383 1485 3458 echtgenooten
1544 3381 1692 3439 deelt
1749 3382 1810 3438 in
1865 3381 1933 3438 de
1976 3382 2212 3440 winsten
2264 3404 2334 3440 en

423 3485 620 3560 draagt
662 3486 722 3541 in
767 3484 836 3541 de
881 3484 1153 3541 verliezen
1195 3502 1334 3540 voor
1378 3482 1448 3539 de
1493 3483 1658 3550 helft,
1712 3481 1906 3539 indien
1960 3481 2336 3539 daaromtrent

424 3604 596 3660 geene
663 3583 867 3641 andere
932 3582 1196 3658 bepaling
1261 3582 1336 3655 bij
1393 3581 1461 3638 de
1507 3580 1895 3654 huwelijksche
1940 3581 2338 3640 voorwaarden

425 3685 685 3761 gemaakt
727 3685 792 3741 is.

341 3802 393 3877 4)
438 3800 626 3859 Traite
672 3801 740 3858 de
785 3801 839 3857 la
883 3801 1178 3876 puissance
1224 3798 1302 3856 du
1345 3799 1501 3856 mari.
1556 3802 1692 3856 144.

342 3915 394 3992 ι5)
439 3936 490 3973 ο.
538 3916 572 3974 l.
624 3917 763 3971 401.

340 4029 387 4106 6)
435 4051 486 4087 ο.
534 4031 569 4086 1.
623 4033 758 4085 639.

343 4141 392 4220 7)
439 4167 488 4202 0.
537 4145 573 4201 l.
629 4147 762 4199 560.

342 4263 390 4334 ⁸)
439 4280 489 4316 0.
539 4259 573 4315 l.
626 4261 762 4315 436.
