<?xml version="1.0" encoding="UTF-8"?>
<!DOCTYPE html PUBLIC "-//W3C//DTD XHTML 1.0 Transitional//EN"
    "http://www.w3.org/TR/xhtml1/DTD/xhtml1-transitional.dtd">
<html xmlns="http://www.w3.org/1999/xhtml" xml:lang="en" lang="en">
 <head>
  <title>
</title>
<meta http-equiv="Content-Type" content="text/html;charset=utf-8" />
  <meta name='ocr-system' content='tesseract 3.04.00' />
  <meta name='ocr-capabilities' content='ocr_page ocr_carea ocr_par ocr_line ocrx_word'/>
</head>
<body>
  <div class='ocr_page' id='page_1' title='image "./adtitulumvilibr00noorgoog_0023.png"; bbox 0 0 2788 5114; ppageno 0'>
   <div class='ocr_carea' id='block_1_1' title="bbox 1486 328 1568 386">
    <p class='ocr_par' dir='ltr' id='par_1_1' title="bbox 1486 328 1568 386">
     <span class='ocr_line' id='line_1_1' title="bbox 1486 328 1568 386; baseline -0.012 0"><span class='ocrx_word' id='word_1_1' title='bbox 1486 328 1568 386; x_wconf 82' lang='lat'><strong>14</strong></span> 
     </span>
    </p>
   </div>
   <div class='ocr_carea' id='block_1_2' title="bbox 484 496 2669 4307">
    <p class='ocr_par' dir='ltr' id='par_1_2' title="bbox 489 496 2669 2336">
     <span class='ocr_line' id='line_1_2' title="bbox 489 496 2586 584; baseline -0.001 -22"><span class='ocrx_word' id='word_1_2' title='bbox 489 498 622 563; x_wconf 90' lang='lat' dir='ltr'><strong>loco</strong></span> <span class='ocrx_word' id='word_1_3' title='bbox 679 520 788 584; x_wconf 87' lang='lat' dir='ltr'><strong>pro</strong></span> <span class='ocrx_word' id='word_1_4' title='bbox 843 518 1028 561; x_wconf 84' lang='lat' dir='ltr'><strong>uxore</strong></span> <span class='ocrx_word' id='word_1_5' title='bbox 1091 498 1157 560; x_wconf 89' lang='lat' dir='ltr'><strong>in</strong></span> <span class='ocrx_word' id='word_1_6' title='bbox 1214 496 1445 581; x_wconf 89' lang='lat' dir='ltr'><strong>judicio</strong></span> <span class='ocrx_word' id='word_1_7' title='bbox 1509 502 1664 561; x_wconf 87' lang='lat' dir='ltr'><strong>stare</strong></span> <span class='ocrx_word' id='word_1_8' title='bbox 1731 496 1916 561; x_wconf 89' lang='lat' dir='ltr'><strong>debet.</strong></span> <span class='ocrx_word' id='word_1_9' title='bbox 1974 496 2141 568; x_wconf 81' lang='lat' dir='ltr'><strong>Quid</strong></span> <span class='ocrx_word' id='word_1_10' title='bbox 2199 501 2398 559; x_wconf 87' lang='lat' dir='ltr'><strong>autem</strong></span> <span class='ocrx_word' id='word_1_11' title='bbox 2477 501 2586 559; x_wconf 91' lang='lat' dir='ltr'><strong>est</strong></span> 
     </span>
     <span class='ocr_line' id='line_1_3' title="bbox 492 612 2583 699; baseline -0.002 -20"><span class='ocrx_word' id='word_1_12' title='bbox 492 622 646 679; x_wconf 89' lang='lat' dir='ltr'><strong>stare</strong></span> <span class='ocrx_word' id='word_1_13' title='bbox 687 614 753 678; x_wconf 94' lang='lat' dir='ltr'><strong>in</strong></span> <span class='ocrx_word' id='word_1_14' title='bbox 788 614 1063 699; x_wconf 82' lang='lat' dir='ltr'><strong>judicio?</strong></span> <span class='ocrx_word' id='word_1_15' title='bbox 1130 614 1304 677; x_wconf 85' lang='lat' dir='ltr'><strong>Uxor</strong></span> <span class='ocrx_word' id='word_1_16' title='bbox 1358 615 1518 677; x_wconf 87' lang='lat' dir='ltr'><strong>facto</strong></span> <span class='ocrx_word' id='word_1_17' title='bbox 1574 612 1941 677; x_wconf 79' lang='lat' dir='ltr'><strong>matrimonii</strong></span> <span class='ocrx_word' id='word_1_18' title='bbox 1996 634 2307 697; x_wconf 81' lang='lat' dir='ltr'><strong>personam</strong></span> <span class='ocrx_word' id='word_1_19' title='bbox 2362 612 2583 675; x_wconf 87' lang='lat' dir='ltr'><strong>standi</strong></span> 
     </span>
     <span class='ocr_line' id='line_1_4' title="bbox 491 730 2583 817; baseline -0.002 -21"><span class='ocrx_word' id='word_1_20' title='bbox 491 734 555 797; x_wconf 88' lang='lat' dir='ltr'><strong>in</strong></span> <span class='ocrx_word' id='word_1_21' title='bbox 590 732 832 817; x_wconf 75' lang='lat' dir='ltr'><strong>judicio·</strong></span> <span class='ocrx_word' id='word_1_22' title='bbox 864 732 1120 809; x_wconf 89' lang='lat' dir='ltr'><strong>amittit,</strong></span> <span class='ocrx_word' id='word_1_23' title='bbox 1162 730 1278 795; x_wconf 91' lang='lat' dir='ltr'><strong>hoc</strong></span> <span class='ocrx_word' id='word_1_24' title='bbox 1320 736 1412 795; x_wconf 90' lang='lat' dir='ltr'><strong>est</strong></span> <span class='ocrx_word' id='word_1_25' title='bbox 1427 782 1442 809; x_wconf 87' lang='lat'>,</span> <span class='ocrx_word' id='word_1_26' title='bbox 1506 752 1693 815; x_wconf 86' lang='lat' dir='ltr'><strong>quum</strong></span> <span class='ocrx_word' id='word_1_27' title='bbox 1735 735 1839 793; x_wconf 90' lang='lat' dir='ltr'><strong>aut</strong></span> <span class='ocrx_word' id='word_1_28' title='bbox 1882 734 2048 793; x_wconf 83' lang='lat' dir='ltr'><strong>actor</strong></span> <span class='ocrx_word' id='word_1_29' title='bbox 2089 734 2196 793; x_wconf 89' lang='lat' dir='ltr'><strong>aut</strong></span> <span class='ocrx_word' id='word_1_30' title='bbox 2235 751 2335 793; x_wconf 92' lang='lat' dir='ltr'><strong>rea</strong></span> <span class='ocrx_word' id='word_1_31' title='bbox 2392 750 2583 815; x_wconf 82' lang='lat' dir='ltr'><strong>agere</strong></span> 
     </span>
     <span class='ocr_line' id='line_1_5' title="bbox 494 848 2582 935; baseline -0 -23"><span class='ocrx_word' id='word_1_32' title='bbox 494 849 671 914; x_wconf 82' lang='lat' dir='ltr'><strong>vellet</strong></span> <span class='ocrx_word' id='word_1_33' title='bbox 709 848 786 913; x_wconf 93' lang='lat' dir='ltr'><strong>lis</strong></span> <span class='ocrx_word' id='word_1_34' title='bbox 830 850 883 912; x_wconf 92' lang='lat' dir='ltr'><strong>ei</strong></span> <span class='ocrx_word' id='word_1_35' title='bbox 932 855 1184 935; x_wconf 86' lang='lat' dir='ltr'><strong>negatur</strong></span> <span class='ocrx_word' id='word_1_36' title='bbox 1227 850 1443 935; x_wconf 89' lang='lat' dir='ltr'><strong>quippe</strong></span> <span class='ocrx_word' id='word_1_37' title='bbox 1478 849 1694 933; x_wconf 88' lang='lat' dir='ltr'><strong>judicii</strong></span> <span class='ocrx_word' id='word_1_38' title='bbox 1745 848 2005 934; x_wconf 84' lang='lat' dir='ltr'><strong>experti,</strong></span> <span class='ocrx_word' id='word_1_39' title='bbox 2064 848 2167 912; x_wconf 89' lang='lat' dir='ltr'><strong>sed</strong></span> <span class='ocrx_word' id='word_1_40' title='bbox 2210 853 2582 933; x_wconf 73' lang='lat' dir='ltr'>cooperante</span> 
     </span>
     <span class='ocr_line' id='line_1_6' title="bbox 495 964 2581 1050; baseline 0 -22"><span class='ocrx_word' id='word_1_41' title='bbox 495 965 745 1050; x_wconf 87' lang='lat' dir='ltr'><strong>conjuge</strong></span> <span class='ocrx_word' id='word_1_42' title='bbox 801 970 861 1029; x_wconf 92' lang='lat' dir='ltr'><strong>et</strong></span> <span class='ocrx_word' id='word_1_43' title='bbox 919 965 1324 1029; x_wconf 79' lang='lat' dir='ltr'><strong>consentiente</strong></span> <span class='ocrx_word' id='word_1_44' title='bbox 1338 1016 1354 1044; x_wconf 89' lang='lat'>‚</span> <span class='ocrx_word' id='word_1_45' title='bbox 1402 970 1507 1029; x_wconf 88' lang='lat' dir='ltr'><strong>aut</strong></span> <span class='ocrx_word' id='word_1_46' title='bbox 1559 965 1688 1050; x_wconf 87' lang='lat' dir='ltr'><strong>ipsa</strong></span> <span class='ocrx_word' id='word_1_47' title='bbox 1764 965 1830 1028; x_wconf 92' lang='lat' dir='ltr'><strong>in</strong></span> <span class='ocrx_word' id='word_1_48' title='bbox 1879 964 2179 1049; x_wconf 83' lang='lat' dir='ltr'><strong>judicium</strong></span> <span class='ocrx_word' id='word_1_49' title='bbox 2234 964 2402 1029; x_wconf 85' lang='lat' dir='ltr'><strong>venit</strong></span> <span class='ocrx_word' id='word_1_50' title='bbox 2462 968 2581 1028; x_wconf 89' lang='lat' dir='ltr'><strong>aut</strong></span> 
     </span>
     <span class='ocr_line' id='line_1_7' title="bbox 491 1081 2579 1168; baseline 0 -23"><span class='ocrx_word' id='word_1_51' title='bbox 491 1082 594 1145; x_wconf 84' lang='lat' dir='ltr'><strong>ille</strong></span> <span class='ocrx_word' id='word_1_52' title='bbox 629 1103 735 1167; x_wconf 90' lang='lat' dir='ltr'><strong>pro</strong></span> <span class='ocrx_word' id='word_1_53' title='bbox 772 1104 840 1145; x_wconf 93' lang='lat' dir='ltr'><strong>ea</strong></span> <span class='ocrx_word' id='word_1_54' title='bbox 876 1082 1001 1167; x_wconf 84' lang='lat' dir='ltr'><strong>agit</strong></span> <span class='ocrx_word' id='word_1_55' title='bbox 1045 1088 1222 1165; x_wconf 90' lang='lat' dir='ltr'><strong>atque</strong></span> <span class='ocrx_word' id='word_1_56' title='bbox 1255 1081 1344 1145; x_wconf 90' lang='lat' dir='ltr'><strong>ita</strong></span> <span class='ocrx_word' id='word_1_57' title='bbox 1378 1105 1509 1145; x_wconf 91' lang='lat' dir='ltr'><strong>eam</strong></span> <span class='ocrx_word' id='word_1_58' title='bbox 1543 1088 1898 1168; x_wconf 88' lang='lat' dir='ltr'><strong>potestatem</strong></span> <span class='ocrx_word' id='word_1_59' title='bbox 1932 1087 2255 1168; x_wconf 86' lang='lat' dir='ltr'><strong>recuperat.</strong></span> <span class='ocrx_word' id='word_1_60' title='bbox 2299 1081 2579 1145; x_wconf 82' lang='lat' dir='ltr'><strong>Maritus</strong></span> 
     </span>
     <span class='ocr_line' id='line_1_8' title="bbox 494 1197 2579 1285; baseline 0.001 -23"><span class='ocrx_word' id='word_1_61' title='bbox 494 1218 632 1262; x_wconf 87' lang='lat' dir='ltr'><strong>vero</strong></span> <span class='ocrx_word' id='word_1_62' title='bbox 675 1198 920 1261; x_wconf 90' lang='lat' dir='ltr'><strong>omnino</strong></span> <span class='ocrx_word' id='word_1_63' title='bbox 960 1197 1111 1261; x_wconf 91' lang='lat' dir='ltr'><strong>illud</strong></span> <span class='ocrx_word' id='word_1_64' title='bbox 1147 1197 1479 1262; x_wconf 84' lang='lat' dir='ltr'><strong>subsidium</strong></span> <span class='ocrx_word' id='word_1_65' title='bbox 1522 1205 1814 1285; x_wconf 86' lang='lat' dir='ltr'><strong>praestare</strong></span> <span class='ocrx_word' id='word_1_66' title='bbox 1857 1200 2095 1265; x_wconf 79' lang='lat' dir='ltr'><strong>deberet</strong></span> <span class='ocrx_word' id='word_1_67' title='bbox 2128 1223 2251 1265; x_wconf 92' lang='lat' dir='ltr'><strong>non</strong></span> <span class='ocrx_word' id='word_1_68' title='bbox 2273 1200 2579 1284; x_wconf 76' lang='lat' dir='ltr'><strong>sequitur</strong></span> 
     </span>
     <span class='ocr_line' id='line_1_9' title="bbox 493 1315 2577 1400; baseline -0 -20"><span class='ocrx_word' id='word_1_69' title='bbox 493 1338 568 1380; x_wconf 87' lang='lat' dir='ltr'><strong>ex</strong></span> <span class='ocrx_word' id='word_1_70' title='bbox 609 1336 784 1379; x_wconf 83' lang='lat' dir='ltr'><strong>sexus</strong></span> <span class='ocrx_word' id='word_1_71' title='bbox 838 1315 1186 1379; x_wconf 85' lang='lat' dir='ltr'><strong>infirmitate</strong></span> <span class='ocrx_word' id='word_1_72' title='bbox 1232 1320 1303 1379; x_wconf 90' lang='lat' dir='ltr'><strong>ut</strong></span> <span class='ocrx_word' id='word_1_73' title='bbox 1343 1315 1619 1379; x_wconf 84' lang='lat' dir='ltr'><strong>nonnulli</strong></span> <span class='ocrx_word' id='word_1_74' title='bbox 1670 1317 2103 1381; x_wconf 90' lang='lat' dir='ltr'><strong>contenderunt</strong></span> <span class='ocrx_word' id='word_1_75' title='bbox 2118 1366 2134 1393; x_wconf 93' lang='lat'>‚</span> <span class='ocrx_word' id='word_1_76' title='bbox 2192 1338 2331 1380; x_wconf 90' lang='lat' dir='ltr'><strong>nam</strong></span> <span class='ocrx_word' id='word_1_77' title='bbox 2382 1338 2577 1400; x_wconf 84' lang='lat' dir='ltr'><strong>quare</strong></span> 
     </span>
     <span class='ocr_line' id='line_1_10' title="bbox 493 1433 2573 1519; baseline 0 -22"><span class='ocrx_word' id='word_1_78' title='bbox 493 1433 766 1497; x_wconf 87' lang='lat' dir='ltr'><strong>mulieres</strong></span> <span class='ocrx_word' id='word_1_79' title='bbox 807 1433 1092 1518; x_wconf 82' lang='lat' dir='ltr'><strong>innuptae</strong></span> <span class='ocrx_word' id='word_1_80' title='bbox 1134 1437 1324 1497; x_wconf 90' lang='lat' dir='ltr'><strong>aetate</strong></span> <span class='ocrx_word' id='word_1_81' title='bbox 1381 1434 1494 1518; x_wconf 87' lang='lat' dir='ltr'><strong>maj</strong></span> <span class='ocrx_word' id='word_1_82' title='bbox 1502 1456 1631 1497; x_wconf 86' lang='lat' dir='ltr'><strong>ores</strong></span> <span class='ocrx_word' id='word_1_83' title='bbox 1672 1434 1737 1497; x_wconf 94' lang='lat' dir='ltr'><strong>in</strong></span> <span class='ocrx_word' id='word_1_84' title='bbox 1773 1434 2005 1519; x_wconf 86' lang='lat' dir='ltr'><strong>judicio</strong></span> <span class='ocrx_word' id='word_1_85' title='bbox 2048 1434 2246 1498; x_wconf 87' lang='lat' dir='ltr'><strong>standi</strong></span> <span class='ocrx_word' id='word_1_86' title='bbox 2296 1438 2573 1519; x_wconf 86' lang='lat' dir='ltr'><strong>potesta-</strong></span> 
     </span>
     <span class='ocr_line' id='line_1_11' title="bbox 492 1548 2573 1635; baseline 0 -22"><span class='ocrx_word' id='word_1_87' title='bbox 492 1554 614 1613; x_wconf 85' lang='lat' dir='ltr'><strong>tem</strong></span> <span class='ocrx_word' id='word_1_88' title='bbox 649 1548 970 1613; x_wconf 78' lang='lat' dir='ltr'><strong>haberent?</strong></span> <span class='ocrx_word' id='word_1_89' title='bbox 1017 1548 1134 1611; x_wconf 86' lang='lat' dir='ltr'><strong>Sed</strong></span> <span class='ocrx_word' id='word_1_90' title='bbox 1176 1548 1506 1612; x_wconf 86' lang='lat' dir='ltr'><strong>necessario</strong></span> <span class='ocrx_word' id='word_1_91' title='bbox 1543 1549 1811 1632; x_wconf 86' lang='lat' dir='ltr'><strong>sequitur</strong></span> <span class='ocrx_word' id='word_1_92' title='bbox 1845 1571 1920 1613; x_wconf 90' lang='lat' dir='ltr'><strong>ex</strong></span> <span class='ocrx_word' id='word_1_93' title='bbox 1954 1554 2249 1635; x_wconf 86' lang='lat' dir='ltr'><strong>potestate</strong></span> <span class='ocrx_word' id='word_1_94' title='bbox 2284 1548 2573 1614; x_wconf 81' lang='lat' dir='ltr'><strong>maritali.</strong></span> 
     </span>
     <span class='ocr_line' id='line_1_12' title="bbox 495 1663 2577 1749; baseline 0 -21"><span class='ocrx_word' id='word_1_95' title='bbox 495 1664 666 1728; x_wconf 90' lang='lat' dir='ltr'><strong>Haec</strong></span> <span class='ocrx_word' id='word_1_96' title='bbox 717 1670 912 1728; x_wconf 89' lang='lat' dir='ltr'><strong>autem</strong></span> <span class='ocrx_word' id='word_1_97' title='bbox 963 1663 1165 1727; x_wconf 89' lang='lat' dir='ltr'><strong>mariti</strong></span> <span class='ocrx_word' id='word_1_98' title='bbox 1219 1668 1483 1749; x_wconf 84' lang='lat' dir='ltr'><strong>potestas</strong></span> <span class='ocrx_word' id='word_1_99' title='bbox 1540 1664 1709 1748; x_wconf 91' lang='lat' dir='ltr'><strong>plane</strong></span> <span class='ocrx_word' id='word_1_100' title='bbox 1766 1663 1883 1728; x_wconf 88' lang='lat' dir='ltr'><strong>alia</strong></span> <span class='ocrx_word' id='word_1_101' title='bbox 1938 1669 2029 1727; x_wconf 88' lang='lat' dir='ltr'><strong>est</strong></span> <span class='ocrx_word' id='word_1_102' title='bbox 2085 1686 2153 1727; x_wconf 87' lang='grc'><strong>30</strong></span> <span class='ocrx_word' id='word_1_103' title='bbox 2216 1664 2440 1728; x_wconf 87' lang='lat' dir='ltr'><strong>tutoris</strong></span> <span class='ocrx_word' id='word_1_104' title='bbox 2500 1665 2577 1729; x_wconf 88' lang='lat' dir='ltr'><strong>in</strong></span> 
     </span>
     <span class='ocr_line' id='line_1_13' title="bbox 492 1782 2587 1869; baseline 0 -23"><span class='ocrx_word' id='word_1_105' title='bbox 492 1782 799 1869; x_wconf 88' lang='lat' dir='ltr'><strong>pupillum.</strong></span> <span class='ocrx_word' id='word_1_106' title='bbox 861 1782 1129 1845; x_wconf 83' lang='lat' dir='ltr'><strong>Uxorem</strong></span> <span class='ocrx_word' id='word_1_107' title='bbox 1184 1782 1251 1845; x_wconf 91' lang='lat' dir='ltr'><strong>in</strong></span> <span class='ocrx_word' id='word_1_108' title='bbox 1307 1783 1442 1867; x_wconf 90' lang='lat' dir='ltr'><strong>jure</strong></span> <span class='ocrx_word' id='word_1_109' title='bbox 1506 1803 1675 1867; x_wconf 87' lang='lat' dir='ltr'><strong>agere</strong></span> <span class='ocrx_word' id='word_1_110' title='bbox 1740 1804 1862 1846; x_wconf 92' lang='lat' dir='ltr'><strong>non</strong></span> <span class='ocrx_word' id='word_1_111' title='bbox 1924 1804 2097 1868; x_wconf 88' lang='lat' dir='ltr'><strong>posse</strong></span> <span class='ocrx_word' id='word_1_112' title='bbox 2160 1784 2430 1868; x_wconf 85' lang='lat' dir='ltr'><strong>sequitur</strong></span> <span class='ocrx_word' id='word_1_113' title='bbox 2488 1798 2587 1849; x_wconf 75' lang='lat' dir='ltr'><strong>ex&#39;·</strong></span> 
     </span>
     <span class='ocr_line' id='line_1_14' title="bbox 493 1897 2669 1985; baseline 0.002 -23"><span class='ocrx_word' id='word_1_114' title='bbox 493 1899 873 1964; x_wconf 90' lang='lat' dir='ltr'><strong>matrimonio</strong></span> <span class='ocrx_word' id='word_1_115' title='bbox 903 1902 964 1962; x_wconf 89' lang='lat' dir='ltr'><strong>et</strong></span> <span class='ocrx_word' id='word_1_116' title='bbox 991 1903 1284 1983; x_wconf 84' lang='lat' dir='ltr'><strong>potestate</strong></span> <span class='ocrx_word' id='word_1_117' title='bbox 1314 1897 1572 1963; x_wconf 85' lang='lat' dir='ltr'><strong>maritali</strong></span> <span class='ocrx_word' id='word_1_118' title='bbox 1600 1920 1789 1983; x_wconf 91' lang='lat' dir='ltr'><strong>neqne</strong></span> <span class='ocrx_word' id='word_1_119' title='bbox 1819 1919 1990 1984; x_wconf 86' lang='lat' dir='ltr'><strong>agere</strong></span> <span class='ocrx_word' id='word_1_120' title='bbox 2017 1905 2215 1985; x_wconf 87' lang='lat' dir='ltr'><strong>potest</strong></span> <span class='ocrx_word' id='word_1_121' title='bbox 2244 1903 2577 1984; x_wconf 83' lang='lat' dir='ltr'><strong>antequam</strong></span> <span class='ocrx_word' id='word_1_122' title='bbox 2662 1959 2669 1966; x_wconf 91' lang='lat'><strong>.</strong></span> 
     </span>
     <span class='ocr_line' id='line_1_15' title="bbox 495 2010 2575 2093; baseline 0.001 -14"><span class='ocrx_word' id='word_1_123' title='bbox 495 2010 941 2080; x_wconf 83' lang='lat' dir='ltr'><strong>matrimonium</strong></span> <span class='ocrx_word' id='word_1_124' title='bbox 983 2015 1064 2079; x_wconf 90' lang='lat' dir='ltr'><strong>sit</strong></span> <span class='ocrx_word' id='word_1_125' title='bbox 1107 2015 1489 2093; x_wconf 89' lang='lat' dir='ltr'><strong>dissolutum,</strong></span> <span class='ocrx_word' id='word_1_126' title='bbox 1540 2016 1829 2079; x_wconf 82' lang='lat' dir='ltr'><strong>minorem</strong></span> <span class='ocrx_word' id='word_1_127' title='bbox 1872 2021 2081 2080; x_wconf 87' lang='lat' dir='ltr'><strong>contra</strong></span> <span class='ocrx_word' id='word_1_128' title='bbox 2122 2014 2235 2080; x_wconf 88' lang='lat' dir='ltr'><strong>hac</strong></span> <span class='ocrx_word' id='word_1_129' title='bbox 2274 2016 2575 2082; x_wconf 83' lang='lat' dir='ltr'><strong>facultate</strong></span> 
     </span>
     <span class='ocr_line' id='line_1_16' title="bbox 494 2132 2574 2219; baseline 0 -22"><span class='ocrx_word' id='word_1_130' title='bbox 494 2154 687 2197; x_wconf 87' lang='lat' dir='ltr'><strong>carere</strong></span> <span class='ocrx_word' id='word_1_131' title='bbox 730 2133 1001 2217; x_wconf 87' lang='lat' dir='ltr'><strong>sequitur</strong></span> <span class='ocrx_word' id='word_1_132' title='bbox 1042 2155 1116 2196; x_wconf 87' lang='lat' dir='ltr'><strong>ex</strong></span> <span class='ocrx_word' id='word_1_133' title='bbox 1169 2133 1378 2197; x_wconf 89' lang='lat' dir='ltr'><strong>aetatis</strong></span> <span class='ocrx_word' id='word_1_134' title='bbox 1429 2132 1727 2218; x_wconf 88' lang='lat' dir='ltr'><strong>imperitia</strong></span> <span class='ocrx_word' id='word_1_135' title='bbox 1777 2136 1955 2216; x_wconf 89' lang='lat' dir='ltr'><strong>atque</strong></span> <span class='ocrx_word' id='word_1_136' title='bbox 1996 2154 2066 2196; x_wconf 91' lang='lat' dir='ltr'><strong>eo</strong></span> <span class='ocrx_word' id='word_1_137' title='bbox 2108 2132 2395 2219; x_wconf 89' lang='lat' dir='ltr'><strong>temporis</strong></span> <span class='ocrx_word' id='word_1_138' title='bbox 2430 2156 2574 2197; x_wconf 86' lang='lat' dir='ltr'><strong>mo-</strong></span> 
     </span>
     <span class='ocr_line' id='line_1_17' title="bbox 493 2247 2571 2336; baseline 0.001 -23"><span class='ocrx_word' id='word_1_139' title='bbox 493 2254 696 2313; x_wconf 90' lang='lat' dir='ltr'><strong>mento</strong></span> <span class='ocrx_word' id='word_1_140' title='bbox 727 2249 963 2314; x_wconf 86' lang='lat' dir='ltr'><strong>tollitur</strong></span> <span class='ocrx_word' id='word_1_141' title='bbox 976 2300 994 2328; x_wconf 89' lang='lat'>‚</span> <span class='ocrx_word' id='word_1_142' title='bbox 1029 2271 1148 2333; x_wconf 87' lang='lat' dir='ltr'><strong>quo</strong></span> <span class='ocrx_word' id='word_1_143' title='bbox 1171 2247 1479 2333; x_wconf 87' lang='lat' dir='ltr'><strong>legislator</strong></span> <span class='ocrx_word' id='word_1_144' title='bbox 1498 2247 1798 2312; x_wconf 87' lang='lat' dir='ltr'><strong>hominem</strong></span> <span class='ocrx_word' id='word_1_145' title='bbox 1820 2248 1963 2313; x_wconf 88' lang='lat' dir='ltr'><strong>huic</strong></span> <span class='ocrx_word' id='word_1_146' title='bbox 1987 2250 2072 2313; x_wconf 93' lang='lat' dir='ltr'><strong>rei</strong></span> <span class='ocrx_word' id='word_1_147' title='bbox 2096 2256 2301 2336; x_wconf 87' lang='lat' dir='ltr'><strong>aptum</strong></span> <span class='ocrx_word' id='word_1_148' title='bbox 2308 2250 2571 2335; x_wconf 86' lang='lat' dir='ltr'><strong>judicat.</strong></span> 
     </span>
    </p>

    <p class='ocr_par' dir='ltr' id='par_1_3' title="bbox 484 2366 2573 3030">
     <span class='ocr_line' id='line_1_18' title="bbox 579 2366 2573 2449; baseline 0.001 -20"><span class='ocrx_word' id='word_1_149' title='bbox 579 2366 937 2431; x_wconf 85' lang='lat' dir='ltr'><strong>Occasiones</strong></span> <span class='ocrx_word' id='word_1_150' title='bbox 979 2372 1176 2431; x_wconf 92' lang='lat' dir='ltr'><strong>tamen</strong></span> <span class='ocrx_word' id='word_1_151' title='bbox 1227 2370 1370 2429; x_wconf 87' lang='lat' dir='ltr'><strong>sunt</strong></span> <span class='ocrx_word' id='word_1_152' title='bbox 1425 2366 1643 2449; x_wconf 88' lang='lat' dir='ltr'><strong>quibus</strong></span> <span class='ocrx_word' id='word_1_153' title='bbox 1691 2388 1843 2430; x_wconf 84' lang='lat' dir='ltr'><strong>uxor</strong></span> <span class='ocrx_word' id='word_1_154' title='bbox 1883 2368 2086 2432; x_wconf 90' lang='lat' dir='ltr'><strong>mariti</strong></span> <span class='ocrx_word' id='word_1_155' title='bbox 2128 2369 2394 2433; x_wconf 89' lang='lat' dir='ltr'><strong>subsidio</strong></span> <span class='ocrx_word' id='word_1_156' title='bbox 2437 2390 2573 2431; x_wconf 90' lang='lat' dir='ltr'><strong>non</strong></span> 
     </span>
     <span class='ocr_line' id='line_1_19' title="bbox 490 2480 2571 2568; baseline 0.001 -23"><span class='ocrx_word' id='word_1_157' title='bbox 490 2482 723 2568; x_wconf 86' lang='lat' dir='ltr'><strong>indiget</strong></span> <span class='ocrx_word' id='word_1_158' title='bbox 757 2487 818 2546; x_wconf 94' lang='lat' dir='ltr'><strong>et</strong></span> <span class='ocrx_word' id='word_1_159' title='bbox 851 2481 1224 2567; x_wconf 87' lang='lat' dir='ltr'><strong>perspicuum</strong></span> <span class='ocrx_word' id='word_1_160' title='bbox 1262 2485 1353 2544; x_wconf 90' lang='lat' dir='ltr'><strong>est</strong></span> <span class='ocrx_word' id='word_1_161' title='bbox 1388 2503 1631 2566; x_wconf 86' lang='lat' dir='ltr'><strong>magnas</strong></span> <span class='ocrx_word' id='word_1_162' title='bbox 1668 2480 2047 2545; x_wconf 87' lang='lat' dir='ltr'><strong>difficultates</strong></span> <span class='ocrx_word' id='word_1_163' title='bbox 2084 2505 2159 2546; x_wconf 85' lang='lat' dir='ltr'><strong>ex</strong></span> <span class='ocrx_word' id='word_1_164' title='bbox 2194 2504 2263 2546; x_wconf 94' lang='lat' dir='ltr'><strong>eo</strong></span> <span class='ocrx_word' id='word_1_165' title='bbox 2295 2483 2571 2547; x_wconf 89' lang='lat' dir='ltr'><strong>subsidio</strong></span> 
     </span>
     <span class='ocr_line' id='line_1_20' title="bbox 494 2597 2569 2686; baseline 0.001 -24"><span class='ocrx_word' id='word_1_166' title='bbox 494 2599 637 2662; x_wconf 90' lang='lat' dir='ltr'><strong>oriri</strong></span> <span class='ocrx_word' id='word_1_167' title='bbox 678 2620 847 2683; x_wconf 89' lang='lat' dir='ltr'><strong>posse</strong></span> <span class='ocrx_word' id='word_1_168' title='bbox 863 2649 878 2676; x_wconf 91' lang='lat'>‚</span> <span class='ocrx_word' id='word_1_169' title='bbox 935 2621 1085 2682; x_wconf 90' lang='lat' dir='ltr'><strong>quae</strong></span> <span class='ocrx_word' id='word_1_170' title='bbox 1134 2597 1550 2663; x_wconf 83' lang='lat' dir='ltr'><strong>tractabuntur</strong></span> <span class='ocrx_word' id='word_1_171' title='bbox 1606 2598 1716 2662; x_wconf 91' lang='lat' dir='ltr'><strong>sub</strong></span> <span class='ocrx_word' id='word_1_172' title='bbox 1773 2606 1879 2664; x_wconf 91' lang='lat' dir='ltr'><strong>art.</strong></span> <span class='ocrx_word' id='word_1_173' title='bbox 1929 2603 2053 2665; x_wconf 89' lang='lat'><strong>166</strong></span> <span class='ocrx_word' id='word_1_174' title='bbox 2105 2605 2166 2664; x_wconf 90' lang='lat' dir='ltr'><strong>et</strong></span> <span class='ocrx_word' id='word_1_175' title='bbox 2208 2622 2367 2686; x_wconf 86' lang='lat' dir='ltr'><strong>seqq.</strong></span> <span class='ocrx_word' id='word_1_176' title='bbox 2410 2622 2569 2686; x_wconf 91' lang='lat' dir='ltr'><strong>quo-</strong></span> 
     </span>
     <span class='ocr_line' id='line_1_21' title="bbox 494 2714 2571 2795; baseline 0.002 -17"><span class='ocrx_word' id='word_1_177' title='bbox 494 2714 673 2778; x_wconf 88' lang='lat' dir='ltr'><strong>modo</strong></span> <span class='ocrx_word' id='word_1_178' title='bbox 747 2715 812 2778; x_wconf 91' lang='lat' dir='ltr'><strong>id</strong></span> <span class='ocrx_word' id='word_1_179' title='bbox 885 2715 1213 2779; x_wconf 87' lang='lat' dir='ltr'><strong>subsidium</strong></span> <span class='ocrx_word' id='word_1_180' title='bbox 1288 2715 1415 2780; x_wconf 88' lang='lat' dir='ltr'><strong>dari</strong></span> <span class='ocrx_word' id='word_1_181' title='bbox 1496 2715 1742 2794; x_wconf 88' lang='lat' dir='ltr'><strong>debeat,</strong></span> <span class='ocrx_word' id='word_1_182' title='bbox 1827 2716 2058 2781; x_wconf 90' lang='lat' dir='ltr'><strong>scilicet</strong></span> <span class='ocrx_word' id='word_1_183' title='bbox 2079 2767 2095 2795; x_wconf 92' lang='lat'>‚</span> <span class='ocrx_word' id='word_1_184' title='bbox 2178 2723 2283 2781; x_wconf 88' lang='lat' dir='ltr'><strong>aut</strong></span> <span class='ocrx_word' id='word_1_185' title='bbox 2356 2717 2571 2782; x_wconf 83' lang='lat' dir='ltr'><strong>charta</strong></span> 
     </span>
     <span class='ocr_line' id='line_1_22' title="bbox 496 2829 2570 2920; baseline 0.002 -26"><span class='ocrx_word' id='word_1_186' title='bbox 496 2829 684 2916; x_wconf 89' lang='lat' dir='ltr'><strong>(akte)</strong></span> <span class='ocrx_word' id='word_1_187' title='bbox 743 2835 1097 2916; x_wconf 85' lang='lat' dir='ltr'><strong>potestatem</strong></span> <span class='ocrx_word' id='word_1_188' title='bbox 1137 2831 1203 2893; x_wconf 93' lang='lat' dir='ltr'><strong>in</strong></span> <span class='ocrx_word' id='word_1_189' title='bbox 1257 2853 1505 2894; x_wconf 82' lang='lat' dir='ltr'><strong>uxorem</strong></span> <span class='ocrx_word' id='word_1_190' title='bbox 1557 2831 1868 2896; x_wconf 86' lang='lat' dir='ltr'><strong>deferendo</strong></span> <span class='ocrx_word' id='word_1_191' title='bbox 1920 2840 2026 2898; x_wconf 90' lang='lat' dir='ltr'><strong>aut</strong></span> <span class='ocrx_word' id='word_1_192' title='bbox 2066 2835 2193 2920; x_wconf 89' lang='lat' dir='ltr'><strong>ipse</strong></span> <span class='ocrx_word' id='word_1_193' title='bbox 2233 2857 2341 2920; x_wconf 93' lang='lat' dir='ltr'><strong>pro</strong></span> <span class='ocrx_word' id='word_1_194' title='bbox 2386 2857 2455 2899; x_wconf 91' lang='lat' dir='ltr'><strong>ea</strong></span> <span class='ocrx_word' id='word_1_195' title='bbox 2494 2836 2570 2899; x_wconf 88' lang='lat' dir='ltr'><strong>in</strong></span> 
     </span>
     <span class='ocr_line' id='line_1_23' title="bbox 484 2946 940 3030; baseline 0.002 -21"><span class='ocrx_word' id='word_1_196' title='bbox 484 2946 716 3030; x_wconf 87' lang='lat' dir='ltr'><strong>judicio</strong></span> <span class='ocrx_word' id='word_1_197' title='bbox 761 2953 940 3011; x_wconf 77' lang='lat' dir='ltr'><strong>stans,</strong></span> 
     </span>
    </p>

    <p class='ocr_par' dir='ltr' id='par_1_4' title="bbox 490 3061 2566 4307">
     <span class='ocr_line' id='line_1_24' title="bbox 579 3061 2565 3149; baseline 0.004 -24"><span class='ocrx_word' id='word_1_198' title='bbox 579 3061 676 3125; x_wconf 82' lang='lat' dir='ltr'><strong>Ex</strong></span> <span class='ocrx_word' id='word_1_199' title='bbox 739 3063 1058 3149; x_wconf 84' lang='lat' dir='ltr'><strong>specimine</strong></span> <span class='ocrx_word' id='word_1_200' title='bbox 1116 3063 1255 3127; x_wconf 87' lang='lat' dir='ltr'><strong>anni</strong></span> <span class='ocrx_word' id='word_1_201' title='bbox 1316 3066 1484 3126; x_wconf 78' lang='lat'>1820</span> <span class='ocrx_word' id='word_1_202' title='bbox 1550 3065 1765 3128; x_wconf 90' lang='lat' dir='ltr'><strong>marito</strong></span> <span class='ocrx_word' id='word_1_203' title='bbox 1822 3065 2039 3131; x_wconf 87' lang='lat' dir='ltr'><strong>licebat</strong></span> <span class='ocrx_word' id='word_1_204' title='bbox 2108 3068 2410 3133; x_wconf 87' lang='lat' dir='ltr'><strong>nesciente</strong></span> <span class='ocrx_word' id='word_1_205' title='bbox 2468 3068 2565 3132; x_wconf 88' lang='lat' dir='ltr'><strong>vel</strong></span> 
     </span>
     <span class='ocr_line' id='line_1_25' title="bbox 495 3178 2566 3266; baseline 0.004 -25"><span class='ocrx_word' id='word_1_206' title='bbox 495 3178 733 3262; x_wconf 89' lang='lat' dir='ltr'><strong>quidem</strong></span> <span class='ocrx_word' id='word_1_207' title='bbox 813 3179 1004 3243; x_wconf 84' lang='lat' dir='ltr'><strong>invita</strong></span> <span class='ocrx_word' id='word_1_208' title='bbox 1079 3202 1265 3244; x_wconf 78' lang='lat' dir='ltr'><strong>uxore</strong></span> <span class='ocrx_word' id='word_1_209' title='bbox 1341 3202 1449 3265; x_wconf 90' lang='lat' dir='ltr'><strong>pro</strong></span> <span class='ocrx_word' id='word_1_210' title='bbox 1520 3203 1588 3243; x_wconf 90' lang='lat' dir='ltr'><strong>ea</strong></span> <span class='ocrx_word' id='word_1_211' title='bbox 1658 3202 1843 3266; x_wconf 83' lang='lat' dir='ltr'><strong>agere.</strong></span> <span class='ocrx_word' id='word_1_212' title='bbox 1926 3182 2225 3248; x_wconf 89' lang='lat' dir='ltr'><strong>Suadente</strong></span> <span class='ocrx_word' id='word_1_213' title='bbox 2296 3185 2566 3250; x_wconf 87' lang='lat' dir='ltr'><strong>sectione</strong></span> 
     </span>
     <span class='ocr_line' id='line_1_26' title="bbox 493 3294 2563 3386; baseline 0.004 -29"><span class='ocrx_word' id='word_1_214' title='bbox 493 3294 670 3358; x_wconf 89' lang='lat' dir='ltr'><strong>tertia</strong></span> <span class='ocrx_word' id='word_1_215' title='bbox 734 3295 1030 3358; x_wconf 89' lang='lat' dir='ltr'><strong>Ordinum</strong></span> <span class='ocrx_word' id='word_1_216' title='bbox 1081 3295 1455 3360; x_wconf 85' lang='lat' dir='ltr'><strong>Generalium</strong></span> <span class='ocrx_word' id='word_1_217' title='bbox 1468 3346 1484 3374; x_wconf 92' lang='lat'>‚</span> <span class='ocrx_word' id='word_1_218' title='bbox 1550 3319 1700 3380; x_wconf 89' lang='lat' dir='ltr'><strong>quae</strong></span> <span class='ocrx_word' id='word_1_219' title='bbox 1756 3298 1909 3363; x_wconf 90' lang='lat' dir='ltr'><strong>hanc</strong></span> <span class='ocrx_word' id='word_1_220' title='bbox 1952 3300 2153 3364; x_wconf 88' lang='lat' dir='ltr'><strong>mariti</strong></span> <span class='ocrx_word' id='word_1_221' title='bbox 2201 3307 2563 3386; x_wconf 87' lang='lat' dir='ltr'><strong>potestatem</strong></span> 
     </span>
     <span class='ocr_line' id='line_1_27' title="bbox 493 3409 2565 3505; baseline 0.005 -33"><span class='ocrx_word' id='word_1_222' title='bbox 493 3410 672 3473; x_wconf 87' lang='lat' dir='ltr'><strong>nimis</strong></span> <span class='ocrx_word' id='word_1_223' title='bbox 723 3409 1109 3495; x_wconf 87' lang='lat' dir='ltr'><strong>periculosam</strong></span> <span class='ocrx_word' id='word_1_224' title='bbox 1173 3411 1447 3497; x_wconf 83' lang='lat' dir='ltr'><strong>putabat,</strong></span> <span class='ocrx_word' id='word_1_225' title='bbox 1511 3414 1797 3478; x_wconf 88' lang='lat' dir='ltr'><strong>articulus</strong></span> <span class='ocrx_word' id='word_1_226' title='bbox 1846 3414 1934 3479; x_wconf 90' lang='lat' dir='ltr'><strong>ita</strong></span> <span class='ocrx_word' id='word_1_227' title='bbox 1983 3415 2205 3501; x_wconf 82' lang='lat' dir='ltr'><strong>legitur</strong></span> <span class='ocrx_word' id='word_1_228' title='bbox 2252 3424 2325 3482; x_wconf 91' lang='lat' dir='ltr'><strong>ut</strong></span> <span class='ocrx_word' id='word_1_229' title='bbox 2383 3442 2565 3505; x_wconf 86' lang='lat' dir='ltr'><strong>supra</strong></span> 
     </span>
     <span class='ocr_line' id='line_1_28' title="bbox 495 3525 2561 3614; baseline 0.006 -24"><span class='ocrx_word' id='word_1_230' title='bbox 495 3525 769 3590; x_wconf 76' lang='lat' dir='ltr'><strong>vidimus</strong></span> <span class='ocrx_word' id='word_1_231' title='bbox 836 3527 934 3588; x_wconf 90' lang='lat' dir='ltr'><strong>An</strong></span> <span class='ocrx_word' id='word_1_232' title='bbox 1003 3525 1151 3591; x_wconf 90' lang='lat' dir='ltr'><strong>haec</strong></span> <span class='ocrx_word' id='word_1_233' title='bbox 1214 3535 1478 3614; x_wconf 88' lang='lat' dir='ltr'><strong>potestas</strong></span> <span class='ocrx_word' id='word_1_234' title='bbox 1535 3528 1651 3594; x_wconf 90' lang='lat' dir='ltr'><strong>hoc</strong></span> <span class='ocrx_word' id='word_1_235' title='bbox 1716 3532 1967 3596; x_wconf 88' lang='lat' dir='ltr'><strong>articulo</strong></span> <span class='ocrx_word' id='word_1_236' title='bbox 2034 3533 2268 3599; x_wconf 82' lang='lat' dir='ltr'><strong>sublato</strong></span> <span class='ocrx_word' id='word_1_237' title='bbox 2340 3538 2561 3602; x_wconf 87' lang='lat' dir='ltr'><strong>marito</strong></span> 
     </span>
     <span class='ocr_line' id='line_1_29' title="bbox 494 3641 2562 3732; baseline 0.004 -26"><span class='ocrx_word' id='word_1_238' title='bbox 494 3641 726 3707; x_wconf 88' lang='lat' dir='ltr'><strong>ademta</strong></span> <span class='ocrx_word' id='word_1_239' title='bbox 790 3642 870 3706; x_wconf 90' lang='lat' dir='ltr'><strong>sit</strong></span> <span class='ocrx_word' id='word_1_240' title='bbox 935 3641 1273 3707; x_wconf 86' lang='lat' dir='ltr'><strong>dubitamus</strong></span> <span class='ocrx_word' id='word_1_241' title='bbox 1330 3648 1391 3707; x_wconf 90' lang='lat' dir='ltr'><strong>et</strong></span> <span class='ocrx_word' id='word_1_242' title='bbox 1448 3644 1690 3728; x_wconf 86' lang='lat' dir='ltr'><strong>quidem</strong></span> <span class='ocrx_word' id='word_1_243' title='bbox 1759 3644 1855 3709; x_wconf 89' lang='lat' dir='ltr'><strong>his</strong></span> <span class='ocrx_word' id='word_1_244' title='bbox 1912 3648 2292 3732; x_wconf 72' lang='lat' dir='ltr'><strong>argumentis</strong></span> <span class='ocrx_word' id='word_1_245' title='bbox 2348 3649 2562 3714; x_wconf 88' lang='lat' dir='ltr'><strong>Mariti</strong></span> 
     </span>
     <span class='ocr_line' id='line_1_30' title="bbox 495 3759 2562 3851; baseline 0.004 -29"><span class='ocrx_word' id='word_1_246' title='bbox 495 3759 743 3824; x_wconf 90' lang='lat' dir='ltr'><strong>subsidii</strong></span> <span class='ocrx_word' id='word_1_247' title='bbox 799 3761 900 3844; x_wconf 89' lang='lat' dir='ltr'><strong>jus</strong></span> <span class='ocrx_word' id='word_1_248' title='bbox 965 3781 1040 3822; x_wconf 82' lang='lat' dir='ltr'><strong>ex</strong></span> <span class='ocrx_word' id='word_1_249' title='bbox 1110 3765 1407 3845; x_wconf 87' lang='lat' dir='ltr'><strong>potestate</strong></span> <span class='ocrx_word' id='word_1_250' title='bbox 1477 3761 1735 3825; x_wconf 82' lang='lat' dir='ltr'><strong>maritali</strong></span> <span class='ocrx_word' id='word_1_251' title='bbox 1798 3763 2067 3848; x_wconf 88' lang='lat' dir='ltr'><strong>sequitur</strong></span> <span class='ocrx_word' id='word_1_252' title='bbox 2123 3771 2303 3848; x_wconf 90' lang='lat' dir='ltr'><strong>atque</strong></span> <span class='ocrx_word' id='word_1_253' title='bbox 2370 3766 2562 3851; x_wconf 88' lang='lat' dir='ltr'><strong>igitur</strong></span> 
     </span>
     <span class='ocr_line' id='line_1_31' title="bbox 495 3873 2558 3961; baseline 0.004 -25"><span class='ocrx_word' id='word_1_254' title='bbox 495 3874 790 3937; x_wconf 84' lang='lat' dir='ltr'><strong>nesciente</strong></span> <span class='ocrx_word' id='word_1_255' title='bbox 830 3895 1017 3937; x_wconf 85' lang='lat' dir='ltr'><strong>uxore</strong></span> <span class='ocrx_word' id='word_1_256' title='bbox 1060 3879 1120 3937; x_wconf 91' lang='lat' dir='ltr'><strong>et</strong></span> <span class='ocrx_word' id='word_1_257' title='bbox 1170 3873 1362 3937; x_wconf 84' lang='lat' dir='ltr'><strong>invita</strong></span> <span class='ocrx_word' id='word_1_258' title='bbox 1404 3875 1660 3938; x_wconf 85' lang='lat' dir='ltr'><strong>exerceri</strong></span> <span class='ocrx_word' id='word_1_259' title='bbox 1717 3881 1915 3961; x_wconf 88' lang='lat' dir='ltr'><strong>potest</strong></span> <span class='ocrx_word' id='word_1_260' title='bbox 1932 3927 1947 3955; x_wconf 89' lang='lat'>,</span> <span class='ocrx_word' id='word_1_261' title='bbox 2010 3878 2062 3941; x_wconf 89' lang='lat' dir='ltr'><strong>si</strong></span> <span class='ocrx_word' id='word_1_262' title='bbox 2119 3901 2258 3943; x_wconf 85' lang='lat' dir='ltr'><strong>vero</strong></span> <span class='ocrx_word' id='word_1_263' title='bbox 2308 3882 2558 3946; x_wconf 85' lang='lat' dir='ltr'><strong>maritus</strong></span> 
     </span>
     <span class='ocr_line' id='line_1_32' title="bbox 491 3989 2561 4082; baseline 0.005 -31"><span class='ocrx_word' id='word_1_264' title='bbox 491 3989 697 4052; x_wconf 86' lang='lat' dir='ltr'><strong>uxoris</strong></span> <span class='ocrx_word' id='word_1_265' title='bbox 742 3990 1048 4053; x_wconf 91' lang='lat' dir='ltr'><strong>commoda</strong></span> <span class='ocrx_word' id='word_1_266' title='bbox 1091 3989 1303 4068; x_wconf 87' lang='lat' dir='ltr'><strong>violet,</strong></span> <span class='ocrx_word' id='word_1_267' title='bbox 1345 3990 1651 4076; x_wconf 86' lang='lat' dir='ltr'><strong>legislator</strong></span> <span class='ocrx_word' id='word_1_268' title='bbox 1687 3993 1843 4055; x_wconf 88' lang='lat' dir='ltr'><strong>viam</strong></span> <span class='ocrx_word' id='word_1_269' title='bbox 1880 3995 2140 4058; x_wconf 87' lang='lat' dir='ltr'><strong>munivit</strong></span> <span class='ocrx_word' id='word_1_270' title='bbox 2182 3996 2258 4059; x_wconf 88' lang='lat' dir='ltr'><strong>ad</strong></span> <span class='ocrx_word' id='word_1_271' title='bbox 2293 3999 2561 4082; x_wconf 74' lang='lat' dir='ltr'><strong>sequelae</strong></span> 
     </span>
     <span class='ocr_line' id='line_1_33' title="bbox 490 4102 2561 4196; baseline 0.007 -31"><span class='ocrx_word' id='word_1_272' title='bbox 490 4102 847 4189; x_wconf 87' lang='lat' dir='ltr'><strong>periculosas</strong></span> <span class='ocrx_word' id='word_1_273' title='bbox 931 4105 1239 4168; x_wconf 88' lang='lat' dir='ltr'><strong>tollendas.</strong></span> <span class='ocrx_word' id='word_1_274' title='bbox 1306 4105 1390 4170; x_wconf 87' lang='lat' dir='ltr'><strong>Et</strong></span> <span class='ocrx_word' id='word_1_275' title='bbox 1454 4111 1624 4170; x_wconf 88' lang='lat' dir='ltr'><strong>tutor</strong></span> <span class='ocrx_word' id='word_1_276' title='bbox 1699 4130 1806 4193; x_wconf 89' lang='lat' dir='ltr'><strong>pro</strong></span> <span class='ocrx_word' id='word_1_277' title='bbox 1863 4109 2088 4173; x_wconf 87' lang='lat' dir='ltr'><strong>minore</strong></span> <span class='ocrx_word' id='word_1_278' title='bbox 2145 4111 2211 4174; x_wconf 91' lang='lat' dir='ltr'><strong>in</strong></span> <span class='ocrx_word' id='word_1_279' title='bbox 2261 4111 2561 4196; x_wconf 87' lang='lat' dir='ltr'><strong>judicium</strong></span> 
     </span>
     <span class='ocr_line' id='line_1_34' title="bbox 490 4219 2325 4307; baseline 0.005 -24"><span class='ocrx_word' id='word_1_280' title='bbox 490 4219 676 4297; x_wconf 80' lang='lat' dir='ltr'><strong>venit,</strong></span> <span class='ocrx_word' id='word_1_281' title='bbox 719 4219 949 4282; x_wconf 88' lang='lat' dir='ltr'><strong>etiamsi</strong></span> <span class='ocrx_word' id='word_1_282' title='bbox 993 4219 1159 4282; x_wconf 89' lang='lat' dir='ltr'><strong>nullo</strong></span> <span class='ocrx_word' id='word_1_283' title='bbox 1202 4221 1335 4286; x_wconf 92' lang='lat' dir='ltr'><strong>loco</strong></span> <span class='ocrx_word' id='word_1_284' title='bbox 1377 4220 1559 4307; x_wconf 89' lang='lat' dir='ltr'><strong>hujus</strong></span> <span class='ocrx_word' id='word_1_285' title='bbox 1608 4245 1929 4288; x_wconf 88' lang='lat' dir='ltr'><strong>consensus</strong></span> <span class='ocrx_word' id='word_1_286' title='bbox 1976 4226 2202 4290; x_wconf 87' lang='lat' dir='ltr'><strong>mentio</strong></span> <span class='ocrx_word' id='word_1_287' title='bbox 2238 4229 2325 4292; x_wconf 82' lang='lat' dir='ltr'><strong>fit.</strong></span> 
     </span>
    </p>
   </div>
  </div>
 </body>
</html>
