2788 5114
1466 341 1546 400 30

473 536 502 561 ιι
523 531 878 572 voornemen
951 509 1135 574 hebbe
1215 531 1325 572 aan
1410 509 1523 572 den
1598 509 1713 594 dag
1784 509 1995 595 gelegd
2018 560 2032 587 ‚
2068 537 2101 564 ιι
2178 509 2281 574 sed
2356 509 2551 572 sectio

466 628 886 692 animadvertit
901 679 915 704 ‚
981 655 1013 684 ιι
1033 628 1136 691 dat
1189 631 1260 711 zij
1317 626 1555 689 vreesde
1608 626 1712 689 dat
1762 625 1855 689 dit
1908 624 2120 689 artikel
2143 675 2158 701 ‚
2220 624 2549 707 wettelijke

469 771 501 799 ιι
519 743 737 808 kracht
779 742 1192 828 verkrijgende
1205 793 1223 820 ‚
1274 749 1368 806 tot
1412 764 1569 805 meer
1619 742 1918 806 bezwaren
1972 741 2310 826 aanleiding
2352 742 2547 805 zoude

469 890 499 916 ιι
518 884 705 946 geven
765 862 880 926 dan
937 861 1380 946 tegenwoordig
1439 865 1717 924 ontstaan
1768 859 2013 922 kunnen
2063 859 2159 923 uit
2201 858 2307 924 het
2348 860 2546 945 gemis

473 1007 501 1031 ιι
521 1001 636 1042 van
683 976 1005 1062 zoodanige
1048 976 1338 1061 bepaling.
1361 1002 1393 1033 ιι

549 1096 864 1166 Quatenus
907 1115 1030 1157 sese
1073 1093 1343 1157 extendit
1399 1092 1546 1156 haec
1588 1091 1853 1155 muheris
1904 1097 2180 1177 potestas,
2226 1091 2543 1157 Articulus

463 1212 642 1276 dicit:
707 1237 740 1266 ιι
757 1210 898 1273 alles
944 1215 1061 1273 wat
1118 1209 1190 1272 de
1247 1232 1487 1294 gewone
1553 1232 1627 1272 en
1692 1208 2094 1294 dageliJksche
2158 1209 2543 1294 uituitgaven

468 1355 500 1386 ιι
520 1327 623 1390 der
650 1325 1059 1410 huishouding
1087 1326 1316 1390 betreft.
1340 1353 1372 1380 ιι
1407 1325 1584 1388 Nihil
1614 1347 1754 1410 ergo
1792 1330 1961 1389 extra
2004 1324 2249 1388 modum
2292 1325 2541 1389 solitum

458 1449 518 1508 et
555 1442 878 1506 secundum
915 1463 1040 1504 rem
1067 1441 1417 1504 familiarem
1454 1443 1791 1528 conjugum.
1840 1442 2142 1506 Mercator
2183 1443 2374 1528 igitur
2431 1443 2541 1527 qui

457 1559 590 1645 plus
612 1558 846 1636 vendit,
870 1580 1048 1642 quam
1077 1557 1218 1621 licet
1249 1557 1575 1620 secundum
1598 1557 1713 1621 hoc
1734 1564 2111 1644 praeceptum
2135 1558 2249 1622 sibi
2273 1558 2541 1622 dannum

456 1678 652 1741 infert.
676 1677 772 1740 Ex
794 1678 876 1740 rei
899 1677 1086 1761 ipsius
1115 1683 1330 1740 natura
1353 1678 1623 1760 sequitur
1652 1675 1753 1740 hic
1785 1677 2025 1740 modum
2059 1677 2184 1739 dari
2214 1699 2338 1740 non
2366 1699 2541 1762 posse

457 1796 518 1855 et
561 1791 804 1854 omnino
840 1791 1033 1874 judici
1080 1790 1460 1854 deferendum
1503 1813 1655 1868 esse,
1700 1797 1771 1854 ut
1823 1791 2001 1855 Cons.
2046 1793 2216 1855 Leon
2259 1789 2308 1874 2)
2335 1843 2349 1870 ,
2403 1814 2540 1855 sen-

458 1909 710 1972 tentiam
761 1913 1049 1972 memorat
1092 1908 1315 1993 judicis
1361 1908 1732 1972 cantonnalis
1778 1909 2342 1973 Amstelodamensis
2357 1959 2373 1987 ,
2417 1930 2542 1992 qua

460 2024 643 2088 emtio
688 2025 943 2088 vestium
987 2025 1252 2088 mulieris
1295 2024 1564 2110 pluribus
1608 2048 1787 2110 quam
1834 2029 1957 2089 200
2003 2025 2243 2088 florenis
2285 2025 2448 2088 intra
2496 2029 2536 2086 9

460 2163 687 2204 menses
743 2163 864 2203 non
921 2139 1190 2204 habenda
1245 2147 1336 2204 est
1393 2141 1686 2226 pertinere
1745 2140 1819 2203 ad
1876 2146 2109 2203 sumtus
2152 2139 2539 2223 quotidianos

460 2255 824 2320 centurionis
866 2255 1190 2318 honorifice
1235 2256 1464 2319 dimissi
1510 2279 1647 2319 cum
1690 2255 2003 2341 stipendio.

548 2372 837 2442 Quaestio
873 2373 1072 2456 gravis
1107 2371 1278 2435 nobis
1314 2371 1430 2435 1100
1468 2373 1730 2436 occurrit
1772 2395 1848 2435 an
1883 2372 2029 2436 haec
2058 2373 2139 2436 sit
2168 2373 2535 2458 praesumtio

449 2487 606 2573 juris
647 2492 711 2550 et
755 2486 827 2549 de
862 2487 996 2570 jure
1042 2485 1135 2548 vel
1178 2485 1541 2571 praesumtio
1576 2484 1731 2570 juris
1774 2490 2028 2549 tantum.
2075 2487 2379 2552 Posterius
2424 2489 2533 2552 ad-

458 2606 771 2670 mittimus
822 2606 901 2667 In
959 2604 1212 2667 articulo
1248 2603 1531 2689 legimus:
1583 2632 1614 2662 ιι
1634 2604 1730 2667 ])0
1767 2610 1881 2669 wet
1918 2606 2389 2671 vooronderstelt
2424 2606 2533 2671 dat

461 2750 491 2777 ιι
513 2726 586 2805 zij
649 2721 722 2784 de
777 2719 1142 2805 bewilh'ging
1198 2742 1314 2783 van
1371 2719 1555 2783 haren
1612 2744 1753 2784 man
1808 2719 1971 2785 heeft
2027 2722 2317 2785 bekomen
2333 2774 2348 2799 ‚
2372 2750 2403 2779 ιι
2466 2729 2533 2787 et

457 2844 692 2902 constat
725 2835 917 2922 igitur
952 2858 1078 2899 eam
1115 2836 1382 2921 indigere
1425 2836 1609 2900 hocce
1654 2860 1967 2915 consensu,
2004 2862 2143 2903 nam
2174 2841 2397 2926 alioqui
2435 2842 2532 2905 (1.1-

456 2953 708 3017 cendum
767 2957 886 3014 est:
951 2977 982 3007 ιι
1002 2949 1098 3013 ])0
1140 2950 1401 3034 bijstand
1446 2974 1560 3014 van
1605 2953 1718 3015 den
1763 2976 1900 3015 man
1942 2954 1995 3017 is
2040 2956 2165 3018 niet
2216 2956 2468 3041 noodig‚
2494 2985 2527 3013 ιι

454 3076 524 3133 ut
567 3069 632 3132 in
691 3072 798 3131 art.
845 3070 987 3130 166.
1047 3066 1253 3136 Quum
1296 3065 1529 3129 huncce
1573 3089 1921 3131 consensum
1967 3069 2233 3134 obtinuit
2275 3076 2405 3133 tum
2450 3094 2531 3135 ex

451 3187 536 3249 rei
580 3190 796 3247 natura
835 3184 1131 3267 sequitur,
1173 3183 1455 3246 maritum
1500 3206 1634 3246 eum
1677 3206 1845 3269 posse
1890 3185 2144 3249 adimere
2160 3236 2176 3264 ‚
2205 3187 2366 3269 quod
2402 3208 2529 3250 non

453 3302 582 3367 fieri
631 3305 854 3387 posset,
903 3300 955 3363 si
1005 3300 1160 3363 foret
1215 3301 1577 3385 praesumtio
1628 3301 1783 3384 juris
1842 3307 1903 3365 et
1954 3302 2025 3365 de
2060 3303 2196 3386 jure
2211 3352 2227 3379 ‚
2280 3325 2418 3366 nam
2470 3304 2529 3368 si

453 3423 600 3481 tunc
642 3415 892 3479 maritus
933 3414 1220 3478 adimeret
1264 3437 1476 3478 consen
1484 3438 1614 3479 sum
1658 3422 1719 3479 et
1762 3418 2103 3481 omnimodo
2156 3420 2498 3484 enuntia-ret
2512 3471 2530 3499 ‚

451 3532 539 3595 nil
597 3531 817 3595 valeret
833 3582 846 3607 ,
904 3554 1042 3594 nam
1084 3532 1150 3593 in
1207 3531 1315 3595 tali
1360 3534 1796 3616 praesumtione
1850 3534 2183 3619 reprobatio
2250 3558 2372 3599 non
2420 3560 2530 3601 au-

453 3648 630 3713 ditur.
684 3647 854 3711 Haec
903 3646 1235 3732 reprobatio
1294 3647 1467 3710 debet
1525 3670 1650 3711 esse
1716 3648 1911 3712 valida
1976 3650 2051 3712 ad
2106 3650 2531 3716 infirmandam

453 3763 607 3826 hanc
648 3762 796 3847 legis
839 3762 1334 3847 praesumtionem
1366 3768 1427 3826 et
1455 3763 1691 3847 quando
1721 3763 1837 3827 hoc
1867 3764 2130 3829 accidit?
2172 3765 2452 3831 Schuller
2474 3760 2528 3853 3)

452 3885 625 3966 putat
667 3879 947 3943 maritum
992 3901 1403 3964 quemcunque
1446 3887 1828 3944 mercatorem
1878 3881 2281 3966 (level-ancier)
2325 3892 2533 3951 vetare

535 4085 588 4161 2)
633 4107 684 4143 ο.
731 4087 767 4145 l.
815 4087 886 4143 ad
931 4092 1030 4144 art.
1085 4090 1218 4144 164.

541 4211 586 4293 ³)
633 4239 684 4277 0.
731 4219 767 4275 l.
815 4218 884 4274 ad
932 4224 1031 4275 art.
1083 4222 1218 4274 264..
