2788 5114
845 1246 1701 1337 INTRODUCTIO.

337 1684 439 1759 Ut
457 1687 596 1759 rite
615 1699 688 1759 et
707 1688 959 1761 ordine
980 1688 1316 1786 deinceps
1336 1690 1884 1787 progrediamur
1905 1691 1982 1761 in
2005 1691 2311 1788 singulis

235 1820 566 1893 articulis
600 1822 840 1912 tituli,
871 1846 1087 1918 quem
1111 1820 1346 1896 nostri
1369 1802 1783 1919 speciminis
1806 1836 2317 1918 argumentum

233 1953 614 2050 eligimUS,
677 1955 1120 2053 explicandis
1142 2013 1159 2047 ,
1207 1955 1447 2029 brevis
1491 1954 1697 2027 nobis
1741 1954 2073 2027 universe
2119 1982 2315 2053 prae-

234 2088 639 2161 mittendus
710 2090 998 2163 videtur
1068 2091 1299 2189 ipsius
1361 2090 1775 2187 systematis
1834 2103 2256 2187 conspectus
2290 2149 2307 2181 ,

235 2224 434 2320 quod
472 2224 551 2297 in
590 2225 1016 2322 gravissima
1059 2225 1268 2298 hacce
1307 2249 1384 2296 re
1436 2224 1808 2320 legislator
1847 2235 2132 2296 secutus
2173 2236 2308 2297 est.

335 2358 583 2433 Primo
655 2362 811 2434 loco
885 2360 1256 2457 legislator
1333 2358 1621 2455 singula
1689 2359 2081 2455 conjugum
2144 2358 2315 2453 jura

235 2504 458 2590 atque
573 2494 808 2568 officia
911 2494 1455 2568 circumscribit.
1568 2492 1967 2574 Enumerat
2006 2550 2023 2584 ‚
2122 2518 2311 2590 quae

237 2625 380 2697 sibi
460 2626 770 2701 invicem
861 2629 1202 2725 conjuges
1285 2627 1553 2700 debent
1591 2683 1607 2718 ,
1695 2636 1778 2699 ut
1878 2625 2019 2697 fide
2030 2625 2315 2698 litatem

235 2761 597 2834 auxilium
669 2763 1074 2836 subsidium
1101 2821 1118 2853 ‚
1179 2773 1252 2836 et
1315 2763 1539 2836 finem
1600 2759 2050 2833 matrimonii
2121 2783 2309 2856 spec-

235 2909 404 2968 tans
432 2955 450 2988 ‚
519 2897 873 2996 praecipit
957 2910 1043 2972 ut
1129 2898 1282 2970 solo
1353 2898 1541 2970 facto
1623 2893 2071 2968 matrimonii
2142 2918 2301 2966 con-

223 3031 442 3126 juges
514 3042 900 3104 teneantur
973 3031 1061 3104 ad
1134 3031 1382 3105 liberis
1456 3032 1803 3102 alimenta
1880 3028 2310 3126 praestanda

236 3186 503 3259 eosque
543 3163 970 3237 educandos,

335 3295 593 3370 Altero
623 3299 779 3371 loco
809 3300 1048 3398 pergit
1078 3300 1168 3373 ad
1203 3301 1714 3374 accuratiorem
1753 3299 2308 3397 explicationem

222 3434 483 3527 jurum
572 3432 1117 3529 officiorumque
1203 3433 1493 3521 mariti,
1573 3433 1829 3530 hisque
1900 3433 2305 3530 praemittit

235 3565 673 3638 sententiam
691 3622 709 3656 ‚
740 3565 1087 3637 maritum
1111 3564 1558 3638 matrimonii
1592 3589 1743 3637 esse
1770 3577 1987 3662 caput
2004 3622 2021 3655 ‚
2054 3590 2200 3663 qua
2230 3565 2308 3636 in

235 3723 317 3769 re
359 3710 644 3771 secutus
685 3710 794 3770 est
832 3697 1274 3795 principium
1318 3698 1513 3796 quod
1554 3698 1700 3770 fere
1741 3723 1991 3771 omnes
2033 3698 2310 3796 legisla-

235 3845 434 3906 tores
503 3844 900 3930 posuerunt
947 3832 1027 3928 1).
1123 3831 1240 3903 Ab
1311 3832 1837 3928 antiquissimis
1891 3832 2086 3904 enim
2144 3832 2311 3905 inde

329 4021 376 4097 l)
419 4023 815 4100 Montesquieu
843 4027 1028 4079 tamen
1057 4027 1247 4082 narrat
1274 4021 1332 4077 in
1361 4042 1560 4097 opere:
1602 4023 1793 4097 Esprit
1829 4022 1927 4079 des
1962 4023 2123 4090 Lois‚
2162 4022 2304 4090 VH,

413 4130 486 4182 16
506 4173 520 4195 ,
556 4127 705 4202 apud
736 4125 1038 4202 Aegyptios
1069 4144 1271 4182 uxores
1301 4125 1455 4182 domi
1492 4125 1777 4181 dominare
1820 4131 1987 4200 atque
2025 4125 2083 4181 in
2127 4125 2309 4182 insula

409 4229 710 4287 Formosae
755 4229 1014 4286 maritum
1043 4227 1100 4284 iu
1140 4228 1329 4284 uxoris
1360 4226 1626 4283 familiam
1656 4227 1906 4283 transire.
1945 4230 2082 4282 354.
