2788 5114
1205 343 1242 402 3

179 542 346 591 eam
415 493 709 589 tueatur
793 525 1010 610 atque
1099 512 1343 585 omnia
1411 537 1543 609 pro
1614 522 1819 609 parte
1887 522 2204 607 praestet
2229 568 2247 603 ‚

179 650 567 721 mulierem
632 658 881 719 contra
937 645 1151 741 jubet
1219 645 1485 718 marito
1555 644 1842 717 obedire
1860 701 1877 735 ,
1945 669 2111 715 cum
2172 668 2257 717 eo

179 785 510 857 habitare
559 796 632 857 et
683 808 972 881 quoquo
1025 782 1230 879 sequi
1281 782 1362 877 ⁷).

281 915 541 988 Postea
561 914 958 987 accedimus
980 914 1070 986 ad
1095 914 1544 987 conditiones
1552 972 1569 1006 ,
1600 914 1863 1011 quibus
1886 940 2071 987 uxor
2090 941 2255 987 cum

177 1050 402 1122 tertio
437 1075 646 1147 agere
689 1049 918 1146 possit
951 1061 1024 1122 et
1042 1107 1059 1141 ,
1103 1048 1293 1145 quod
1333 1075 1426 1122 ex
1469 1062 1851 1148 praecepto
1896 1051 2249 1147 sequitur,

177 1186 532 1255 maritum
554 1207 705 1254 esse
717 1193 934 1279 caput
945 1182 1420 1254 matrimonii.
1451 1180 1566 1255 Sic
1585 1182 1996 1254 invenimus
2017 1184 2256 1281 primo

177 1319 342 1391 loco
363 1342 690 1408 uxorem,
725 1316 1057 1412 quamvis
1073 1328 1278 1389 extra
1291 1294 1648 1388 bonorum
1675 1318 2257 1391 communionem

70 1463 75 1467 ’
181 1454 484 1550 nuptias
518 1451 764 1523 inierit
784 1509 800 1541 ‚
828 1451 946 1523 vel
967 1476 1010 1521 a
1043 1450 1252 1523 bonis
1287 1462 1619 1547 separata
1652 1452 1748 1523 sit
1766 1509 1783 1542 ‚
1826 1453 1979 1524 sine
2010 1452 2257 1525 mariti

180 1613 538 1661 consensu
571 1586 756 1659 nihil
783 1609 992 1682 posse
1012 1584 1181 1657 dare
1199 1642 1216 1676 ,
1257 1584 1573 1656 alienare
1592 1642 1610 1675 ‚
1652 1609 1948 1657 onerare
1966 1642 1984 1676 ‚
2002 1588 2255 1684 acqui-

176 1746 339 1794 rere
360 1722 577 1794 titulo
595 1720 744 1792 sive
757 1714 1110 1791 lucrativo
1134 1718 1284 1790 sive
1298 1743 1626 1790 oneroso,
1656 1716 1861 1807 Quod
1885 1720 2253 1817 legislator

177 1866 338 1927 tam
371 1880 610 1927 severe
645 1865 1064 1951 persecutus
1097 1865 1208 1926 est
1242 1865 1358 1944 ut,
1389 1854 1524 1926 etsi
1547 1879 1975 1926 consensum
2009 1856 2254 1929 mariti

180 1986 506 2059 obtinuit
526 2012 713 2058 uxor
732 1986 821 2057 ad
846 1986 1439 2079 contrahendum,
1468 1998 1712 2059 tamen
1735 1988 1888 2060 sine
1914 2014 2255 2087 expresso

179 2146 536 2195 consensu
590 2120 656 2193 ei
711 2146 858 2193 non
910 2120 1124 2193 liceat
1179 2120 1616 2207 solutionem
1662 2120 1854 2194 dare.
1909 2120 2255 2211 Quamvis

179 2259 320 2330 hoc
372 2256 810 2354 principium
864 2255 942 2326 in
996 2253 1443 2329 Germanicis
1499 2267 1571 2326 et
1618 2254 1885 2326 nostris
1931 2255 2253 2352 antiquis

174 2391 462 2489 legibus
493 2401 863 2487 receptum
898 2400 1119 2479 esset,
1161 2387 1659 2484 exceptionem
1702 2397 1951 2460 tamen
1983 2388 2255 2461 inveni-

179 2547 350 2596 mus
369 2581 387 2614 ,
435 2547 618 2620 quae
659 2520 849 2620 apud
893 2546 1023 2594 nos
1069 2521 1300 2612 valet,
1352 2521 1433 2592 in
1474 2522 1811 2620 expensis
1845 2523 2255 2599 domesticis

181 2682 613 2731 consensum
635 2667 1006 2753 acceptum
1032 2656 1522 2754 legislatorem
1543 2682 2024 2754 praesumere.
2052 2657 2260 2749 Quod

179 2816 352 2862 cum
398 2789 722 2862 mulieris
768 2789 1236 2861 contrahendi
1289 2789 1628 2862 facultate
1676 2791 1981 2865 carentis
2028 2818 2258 2868 neces—

181 2924 375 2996 sario
409 2923 742 3021 congruit
786 2924 920 2996 hoc
953 2934 1098 3014 est,
1157 2924 1348 3020 quod
1397 2949 1543 2996 non
1575 2925 1835 2998 habeat
1868 2952 2254 3023 personam

181 3059 427 3132 standi
459 3059 538 3130 in
559 3059 834 3155 judicio
870 3070 943 3133 et
974 3060 1157 3131 hanc
1205 3059 1296 3132 ob
1354 3084 1644 3130 causam
1689 3061 1933 3133 mariti
1980 3063 2258 3136 auxilio

183 3194 508 3292 indigeat
535 3252 552 3286 ,
603 3195 806 3290 cujus
851 3203 1099 3266 tamen
1132 3194 1426 3290 regulae
1460 3195 1789 3291 exceptio
1825 3206 1935 3268 est
1967 3195 2046 3268 in
2088 3197 2258 3269 casi-

179 3329 321 3402 bus
329 3387 347 3421 ‚
376 3329 640 3426 quibus
660 3329 924 3401 mulier
955 3354 1197 3401 coram
1217 3328 1462 3423 judice
1496 3329 1857 3400 criminali
1891 3331 2153 3402 citetur
2185 3345 2257 3406 et

183 3486 418 3558 quum
473 3461 658 3558 petit
719 3462 1115 3534 divortium
1164 3462 1282 3534 vel
1336 3461 1864 3558 separationem
1923 3464 2116 3536 thori
2176 3492 2257 3539 ac

181 3622 478 3670 mensae
506 3655 523 3688 ‚
600 3597 717 3670 vel
785 3596 1166 3669 bonorum.
1255 3595 1479 3667 Porro
1561 3596 1932 3692 legislator
2013 3622 2259 3670 casum

181 3729 589 3828 praevidit,
671 3755 814 3828 quo
895 3729 1198 3802 maritus
1261 3728 1473 3801 uxori
1537 3741 1813 3802 recuset
1877 3732 2257 3804 concedere

182 3876 378 3938 stare
462 3863 540 3934 in
610 3863 884 3958 judicio
969 3862 1086 3934 vel
1171 3860 1590 3934 contrahere
1674 3863 1836 3954 vel,
1930 3863 1990 3935 si
2070 3863 2258 3937 absit

274 4041 320 4114 ⁷)
365 4038 580 4114 Religio
609 4038 922 4095 Christiana
949 4037 1056 4094 hoc
1079 4037 1196 4112 jam
1227 4035 1534 4111 praecepit,
1566 4054 1696 4092 nam
1719 4035 2025 4111 Apostolus
2049 4031 2256 4092 Paulus

359 4141 580 4216 scripsit
602 4140 673 4198 ad
694 4141 986 4215 EphesiOS,
1019 4143 1068 4195 5.
1101 4143 1195 4196 22.
1228 4185 1256 4207 ‚,
1278 4138 1543 4194 Mulieres
1566 4137 1699 4194 viris
1725 4137 1840 4194 suis
1864 4137 2121 4195 subditae
2146 4139 2257 4194 sint

359 4246 504 4301 sicut
542 4244 784 4303 Domino
803 4242 833 4265 ''
871 4243 996 4299 vide
1041 4263 1240 4318 porro3
1302 4245 1330 4298 1
1373 4243 1519 4298 Petr.
1557 4245 1588 4297 3
1627 4268 1637 4298 :
1680 4245 1727 4298 1.
1780 4241 1993 4302 Coloss.
2038 4245 2069 4297 3
2109 4269 2119 4298 :
2158 4244 2252 4298 18.
