2788 5114
1280 336 1361 399 43

263 511 552 595 separatis
594 516 656 574 et
712 509 957 573 muliere
999 508 1256 595 generali
1308 508 1533 593 judicis
1594 528 1885 570 consensu
1950 503 2219 589 praedita
2284 502 2358 565 ad

263 626 702 713 disponendum
747 627 818 689 de
860 626 1034 690 rebus
1087 626 1432 704 mobilibus,
1475 624 1629 689 hanc
1672 646 1795 687 non
1834 625 2101 711 indigere
2158 619 2361 683 mariti

263 766 562 807 consensu
625 743 701 806 ad
773 743 1153 807 exercendam
1220 748 1611 806 mercaturam
1628 792 1643 820 ,
1709 743 1851 826 quia
1893 740 1994 803 ille
2038 756 2359 803 consensus

249 865 330 923 et
371 860 447 922 ad
493 864 880 922 mercaturam
925 859 1178 923 attinere
1235 858 1488 921 videtur.
1534 856 1823 919 Ponimus
1868 861 2067 918 tamen
2124 858 2361 917 contra-

257 976 439 1039 rium.
485 975 696 1039 Mariti
743 976 1162 1039 auctoritatem
1207 997 1324 1059 qua
1369 974 1677 1037 mulierem
1712 972 2021 1058 permittat
2052 976 2157 1035 aut
2198 974 2361 1033 vetat

259 1095 659 1154 mercaturam
715 1112 983 1153 exercere
1041 1089 1185 1153 oriri
1239 1111 1312 1152 ex
1365 1093 1660 1174 potestate
1718 1085 1977 1150 maritali
2030 1084 2357 1149 secundum

260 1215 645 1295 praeceptum
668 1258 683 1285 ,
747 1209 1026 1271 maritum
1104 1216 1282 1292 caput
1347 1204 1716 1269 matrimonii
1776 1226 1914 1267 esse.
1976 1201 2359 1287 Separatione

259 1348 503 1389 mensae
562 1348 630 1389 ac
680 1324 841 1389 thori
894 1324 1340 1389 matrimonium
1400 1345 1523 1385 non
1582 1320 1930 1385 dissolvitur
1972 1340 2163 1403 neque
2220 1338 2357 1381 cum

257 1466 338 1507 ea
367 1448 628 1529 potestas
672 1440 960 1505 maritalis
977 1491 992 1519 ,
1037 1462 1188 1524 quae
1232 1462 1358 1502 eam
1406 1438 1819 1503 auctoritatem
1870 1434 2139 1499 continet
2180 1438 2243 1497 et
2284 1455 2360 1496 ex

259 1581 388 1643 qua
431 1556 644 1621 mulier
686 1578 810 1619 non
852 1555 1272 1639 emancipatur.

261 1767 430 1841 Art.
491 1768 653 1839 169.
710 1763 1080 1837 VVanneer
1142 1761 1233 1835 de
1284 1787 1459 1835 man
1513 1758 1899 1832 uithoofde
1950 1783 2096 1830 van
2149 1757 2356 1829 afwe-

370 1894 662 1995 zigheid
733 1894 820 1965 of
877 1891 1151 1966 andere
1219 1892 1544 1964 redenen
1605 1891 1845 1963 wordt
1908 1887 2359 1962 verhinderd

373 2054 496 2101 om
547 2027 735 2124 zijne
786 2050 1047 2098 vrouw
1097 2024 1194 2121 bij
1248 2034 1322 2096 te
1359 2034 1570 2095 staan
1608 2024 1692 2094 of
1715 2032 1789 2094 te
1825 2022 2243 2119 magtigen‚
2283 2021 2369 2092 of

376 2184 510 2231 een
554 2154 1069 2255 tegenstrijdig
1121 2156 1394 2254 belang
1446 2153 1677 2244 heeft,
1734 2156 1880 2227 kan
1936 2152 2026 2226 de
2086 2152 2355 2224 Arron-

372 2286 1232 2385 dissements-Regtbank
1308 2313 1454 2359 van
1519 2286 1610 2359 de
1690 2286 2148 2382 woonplaats
2220 2280 2353 2379 der

374 2421 914 2519 echtgenooten
983 2418 1162 2491 haar
1233 2417 1324 2491 de
1394 2415 1904 2515 bevoegdheid
1965 2415 2355 2486 verleenen

373 2579 498 2628 om
548 2554 626 2625 in
688 2561 949 2650 regten
1011 2561 1086 2623 te
1147 2550 1643 2648 verschijnen,
1713 2546 2352 2622 verbindtenissen

369 2708 511 2756 aan
565 2692 638 2754 te
691 2707 885 2780 gaan
908 2737 926 2772 ,
962 2681 1230 2754 beheer
1281 2692 1356 2753 te
1401 2706 1674 2754 voeren
1700 2737 1719 2772 ,
1757 2706 1848 2753 en
1888 2681 2031 2752 alle
2078 2681 2351 2775 andere

371 2813 595 2884 akten
647 2822 722 2884 te
774 2812 1167 2909 verrigten.

355 3071 480 3136 Hic
503 3071 787 3136 articulus
803 3071 960 3134 idem
984 3071 1253 3134 continet
1304 3092 1373 3133 ac
1414 3077 1521 3134 art.
1554 3075 1679 3134 222
1726 3069 1872 3133 Cod.
1897 3069 2321 3155 Napoleontici
2336 3121 2352 3148 ‚

259 3189 384 3254 hoc
413 3211 552 3253 vero
583 3194 847 3273 exceptu,
877 3187 1039 3272 quod
1070 3188 1376 3273 legislator
1407 3187 1839 3251 Neerlandicus
1877 3190 2058 3251 etiam
2094 3188 2158 3249 in
2178 3187 2345 3270 judi-

259 3329 395 3370 cem
421 3311 774 3392 potestatem
803 3307 1068 3369 conferat
1093 3306 1450 3369 auctoritate
1474 3305 1777 3368 mulierem
1802 3305 2135 3382 muniendi,
2161 3323 2345 3388 quum

260 3423 392 3508 ejus
455 3421 768 3485 commoda
841 3422 1058 3484 marito
1111 3420 1511 3483 adversantur.
1598 3419 1749 3482 Inde
1808 3420 2125 3483 discrimen
2189 3420 2347 3484 inter

261 3540 412 3603 Cod.
486 3538 905 3624 Napoleontici
981 3537 1298 3601 articulum
1371 3537 1678 3600 laudatum
1744 3543 1805 3600 et-
1876 3544 2143 3601 nostrum
2198 3537 2342 3602 arti-

259 3655 466 3718 culum
499 3659 619 3719 167
655 3662 726 3719 ut
759 3656 955 3740 priore
985 3655 1198 3718 mulier
1237 3655 1593 3718 auctoritate
1624 3655 1844 3718 muniri
1883 3661 2118 3719 tantum
2154 3657 2344 3740 possit

259 3773 338 3837 ad
369 3779 742 3838 contractum
778 3774 1104 3836 ineundum
1138 3773 1230 3836 vel
1259 3774 1324 3835 in
1347 3773 1580 3856 judicio
1612 3773 1886 3837 standum
1907 3824 1921 3851 ‚
1944 3797 2124 3859 quum
2160 3774 2344 3838 altero

257 3892 316 3954 ei
375 3896 636 3976 potestas
700 3890 960 3975 praeberi
1025 3896 1224 3976 potest
1287 3892 1354 3952 in
1412 3913 1427 3974 ]
1438 3890 1638 3954 udicio
1706 3892 1937 3967 standi,
2004 3898 2347 3956 contractus

255 4007 505 4072 ineundi
537 4057 552 4085 ‚
653 4006 808 4071 bona
903 4007 1353 4071 administrandi
1451 4009 1764 4092 omniaque
1836 4014 2028 4072 cetera
2113 4010 2342 4094 agendi.

259 4125 394 4186 Art.
458 4128 580 4188 798
642 4123 788 4187 Cod.
850 4124 920 4186 de
997 4122 1187 4186 Meth.
1259 4145 1419 4207 proc.
1480 4123 1541 4184 in
1602 4145 1758 4186 caus,
1827 4122 1937 4185 civ.
2004 4121 2118 4186 hac
2177 4123 2249 4186 de
2279 4147 2340 4188 re

258 4261 569 4327 processus
617 4239 880 4302 ordinem
927 4239 1213 4325 praecipit
1255 4248 1315 4302 et
1357 4237 1594 4322 quidem
1640 4237 1756 4302 hoc
1801 4240 2011 4316 mod03
2070 4240 2121 4302 si
2166 4241 2343 4304 mari-
