2788 5114
1249 363 1328 420 29

236 530 518 593 dandam.
582 530 837 594 Ordines
892 531 1209 595 Generales
1253 530 1368 595 hoc
1419 536 1799 617 praeceptum
1842 530 2175 594 rescindere
2217 552 2323 592 vo-

234 648 487 711 luerunt
546 648 648 711 sed
704 654 864 711 recte
921 648 1226 733 respondit
1271 647 1582 712 Minister:
1633 675 1665 705 n
1688 649 1787 710 On
1832 672 1865 710 a
1909 669 2017 711 cru
2057 646 2207 711 utile
2252 646 2325 709 de

245 760 278 816 r>
299 763 567 827 l'inserer
617 786 768 849 pour
820 764 956 826 finir
997 786 1082 825 un
1127 764 1297 849 point
1342 763 1413 825 de
1450 763 1903 848 jurisprudence
1948 763 2327 826 controverse

244 906 278 935 u
300 886 366 942 et
407 902 625 965 couper
668 885 840 943 court
898 903 1016 943 aux
1061 880 1489 943 contestations
1533 878 1635 961 qui
1671 878 2015 963 pourraient
2049 880 2243 940 naitre
2287 878 2325 938 a

244 1022 278 1049 n
299 994 545 1058 l'avenir
589 1017 690 1057 sur
735 1002 890 1059 cette
919 997 1124 1081 espece
1157 996 1246 1078 12).
1273 1022 1304 1050 υ
1354 993 1561 1058 Hocce
1591 1000 1969 1079 praeceptum
2000 993 2326 1058 defendunt

237 1118 598 1197 argumento
658 1114 1036 1177 auctoritatis
1095 1113 1394 1177 dationem
1454 1112 1654 1175 mariti
1714 1111 2088 1175 strictissime
2138 1111 2325 1174 inter-

235 1230 592 1315 pretandam
659 1252 849 1313 neque
915 1229 1153 1315 longius
1219 1230 1651 1294 extendendam
1715 1251 1894 1314 quam
1960 1232 2088 1314 ipsa
2152 1229 2329 1293 verba

237 1347 458 1411 sinunt
504 1347 594 1430 13).

234 1604 402 1677 Art.
491 1606 652 1675 164.
761 1604 916 1676 Ten
1026 1604 1322 1702 opzigte
1427 1630 1573 1676 van
1665 1591 2167 1702 handelingen
2257 1605 2345 1676 of

345 1736 983 1809 verbindtenissen
1016 1794 1034 1827 ,
1107 1736 1292 1807 door
1364 1736 1457 1808 de
1526 1759 1782 1807 vrouw
1847 1760 2278 1832 aangegaan
2312 1790 2329 1822 ,

344 1895 640 1967 wegens
711 1869 891 1940 alles
964 1877 1111 1938 wat
1166 1867 1257 1941 de
1317 1891 1623 1965 gewone
1686 1892 1775 1939 en
1833 1866 2328 1964 dagelijksche

345 2004 703 2101 uitgaven
777 2001 908 2073 der
976 2000 1479 2098 huishouding
1523 2000 1829 2090 betreft,
1881 1998 2329 2071 vooronder-

348 2133 524 2205 stelt
577 2131 668 2203 de
719 2140 864 2203 wet
911 2130 1040 2203 dat
1093 2131 1180 2228 zij
1239 2131 1330 2203 de
1376 2130 1832 2227 bewilliging
1892 2154 2039 2201 van
2099 2130 2327 2203 haren

345 2289 522 2335 man
575 2262 773 2335 heeft
832 2262 1211 2334 bekomen.

337 2510 478 2576 Hoc
517 2516 894 2598 praeceptum
940 2510 1100 2595 quod
1142 2511 1208 2574 in
1252 2510 1476 2575 Codice
1521 2510 1811 2575 Francico
1860 2534 1981 2575 non
2023 2510 2329 2575 invenitur

236 2650 530 2716 perquam
592 2627 742 2691 utile
801 2633 861 2690 et
911 2627 1305 2691 necessarium
1349 2629 1469 2692 dici
1529 2633 1742 2714 potest.
1803 2629 2111 2699 Quaenam
2169 2628 2327 2691 enim

237 2743 624 2811 incommoda
683 2749 860 2827 atque
917 2767 1095 2807 onera
1159 2745 1376 2809 marito
1436 2747 1829 2831 imponuntur
1845 2795 1859 2823 ‚
1906 2747 2009 2831 qui
2051 2747 2328 2831 graviora

240 2881 453 2924 curare
487 2859 659 2923 debet
697 2869 873 2943 atque
909 2859 996 2921 ita
1033 2881 1447 2942 quamcunque
1485 2881 1608 2922 rem
1648 2860 1816 2945 parvi
1857 2861 2143 2924 momenti
2185 2883 2327 2925 con-

241 2978 452 3042 cedere
476 2977 647 3040 debet
668 2983 729 3040 et
751 2977 942 3060 qualis
963 2978 1095 3040 fons
1119 2977 1239 3040 doli
1269 2977 1409 3040 inde
1432 2978 1572 3041 oriri
1597 2980 1832 3064 potest?
1860 2979 2121 3043 Maritus
2143 2980 2329 3058 enim,

239 3118 370 3158 non
415 3094 623 3177 quavis
683 3095 991 3157 occasione
1036 3117 1386 3157 consensum
1433 3095 1570 3158 dare
1614 3095 1796 3175 solet,
1850 3119 1994 3160 usus
2036 3119 2158 3160 non
2202 3119 2327 3159 am-

239 3211 404 3296 plius
457 3209 692 3294 exigere
745 3231 880 3271 eum
934 3232 1286 3273 consensum
1339 3217 1399 3274 et
1453 3217 1690 3276 tantum
1741 3213 1806 3276 in
1866 3215 1991 3298 ejus
2034 3219 2329 3298 potestate

241 3349 372 3392 esse
431 3347 499 3388 ea
557 3332 691 3388 acta
747 3326 1079 3389 rescindere
1136 3327 1203 3389 in
1263 3327 1546 3391 damnum
1602 3329 1947 3392 mercatoris
2011 3329 2114 3412 qui
2175 3329 2330 3392 bona

240 3445 364 3508 fide
431 3445 569 3529 egit.
639 3444 874 3508 Huicce
939 3450 1251 3529 praecepto
1321 3445 1573 3528 adjicere
1634 3445 1951 3508 voluerunt
1969 3495 1985 3524 ‚
2028 3450 2101 3532 ut
2163 3450 2329 3530 patet

239 3585 320 3626 ex
377 3559 630 3625 historia
687 3561 844 3647 apud
905 3561 1220 3625 Voorduin
1265 3563 1346 3645 l):
1416 3589 1445 3617 υ
1466 3562 1631 3626 Alles
1693 3568 1805 3626 wat
1865 3562 1936 3625 de
1994 3563 2328 3648 opvoeding
2403 3629 2409 3635 ,

243 3707 278 3738 n
303 3679 410 3742 der
457 3677 747 3740 kinderen
799 3678 1016 3742 betreft
1031 3728 1046 3755 ‚
1097 3680 1240 3743 mits
1294 3680 1365 3743 de
1409 3702 1548 3742 man
1590 3702 1739 3765 geen
1782 3678 2329 3765 tegenovergesteld

335 3900 408 3977 12)
451 3902 778 3972 Voorduin‚
827 3923 877 3960 0.
927 3904 962 3960 l.
1012 3905 1089 3961 II.
1143 3909 1280 3962 284.

255 4077 258 4084 .
312 4034 404 4110 ·¹3)
448 4036 556 4092 ΜΓ.
624 4035 684 4092 Ο.
747 4037 918 4093 Asser
942 4083 956 4106 ‚
1019 4038 1114 4095 het
1177 4039 1603 4096 Nederlandsch
1670 4037 1984 4113 Burgerlijk
2050 4037 2327 4097 Wetboek
2377 4054 2380 4056 ’

447 4133 776 4209 vergeleken
817 4143 932 4194 met
975 4137 1068 4194 het
1112 4137 1387 4194 Wetboek
1431 4138 1759 4215 Napoleon,
1808 4156 1861 4212 p.
1915 4139 2009 4194 69.
2058 4139 2081 4212 §
2129 4139 2227 4196 91.

341 4257 384 4340 1)
453 4285 504 4324 ο.
552 4266 586 4322 l.
637 4267 713 4325 II.
766 4270 905 4326 284.
