2788 5114
1287 349 1363 408 25

283 545 315 572 ιι
338 516 456 580 last
497 516 724 611 hebben
768 540 846 604 op
891 517 1024 580 zich
1065 540 1358 604 genomen
1402 507 1536 583 dan
1569 519 1812 604 volgens
1871 520 1943 582 de
1985 517 2220 604 regelen
2272 519 2350 602 bij

285 665 318 691 ιι
341 636 458 700 den
505 638 716 700 zesden
760 659 833 699 en
877 636 1150 701 achtsten
1185 637 1321 702 titel
1365 660 1480 701 van
1522 637 1626 701 het
1662 645 1846 702 eerste
1888 637 2041 701 boek
2094 660 2211 701 van
2268 636 2360 702 dit

287 781 318 810 ιι
346 754 644 818 Wetboek
683 753 1199 840 voorgeschreven.
1224 782 1255 813 ιι

370 870 438 932 Si
483 871 694 934 mulier
736 871 990 957 innupta
1017 872 1241 956 recepit
1270 871 1363 934 vel
1401 871 1566 935 dedit
1600 872 1947 936 mandatum
1983 872 2359 958 extinguitur

277 987 666 1050 matrimonio
710 1009 786 1049 ex
829 994 936 1051 art.
985 991 1149 1050 1850
1197 987 1264 1050 C.
1318 987 1384 1050 C.

367 1105 502 1167 Art.
552 1108 631 1166 19
676 1104 823 1190 legis
868 1105 1104 1169 dictae:
1157 1108 1246 1188 Op
1299 1107 1412 1167 den
1464 1128 1747 1187 over-qam
1801 1129 1919 1168 van
1971 1107 2043 1168 de
2093 1129 2360 1188 vroeyere

277 1228 368 1284 tot
412 1223 486 1283 de
527 1222 748 1284 nieuwe
788 1223 1102 1303 wetyeviny
1118 1272 1133 1300 ‚
1185 1223 1365 1285 etiam
1409 1227 1714 1285 enumerat
1766 1243 1967 1284 casum
1984 1272 1999 1299 ‚
2053 1223 2359 1287 mulierem

277 1337 410 1400 sine
472 1340 674 1402 mariti
747 1339 1103 1402 auctoritate
1158 1338 1559 1424 hypothecam
1617 1339 1767 1403 actis
1827 1339 2084 1425 publicis
2142 1341 2358 1405 inferre

277 1474 468 1538 posse.

367 1571 581 1641 Qualis
616 1571 763 1634 haec
799 1573 1122 1636 auctoritas
1161 1572 1332 1636 debet
1377 1574 1546 1636 esse?
1590 1573 1785 1637 Debet
1830 1574 1957 1637 dari
2000 1574 2066 1636 in
2109 1575 2355 1658 quibus-

276 1688 370 1751 vis
409 1689 560 1751 actis
601 1687 640 1751 i.
680 1709 726 1750 e.
766 1710 840 1750 ex
885 1687 1192 1772 quibusvis
1238 1688 1388 1752 actis
1435 1711 1709 1774 apparere
1756 1689 1959 1768 debet,
2007 1712 2359 1756 consensum

274 1805 480 1868 mariti
533 1827 657 1868 esse
719 1812 996 1890 rogatum
1061 1813 1122 1870 et
1185 1812 1494 1891 acceptum
1558 1807 1609 1869 si
1674 1829 1796 1869 non
1867 1815 2227 1873 memoratur
2290 1811 2356 1874 in

273 1923 428 1986 actis
451 1971 466 2000 ,
532 1945 852 1986 consensus
916 1924 983 1986 in
1054 1923 1290 2008 scriptis
1356 1923 1528 1986 debet
1592 1923 1806 1986 adesse.
1872 1923 2031 1986 Eum
2102 1947 2224 1987 non
2284 1949 2359 1989 ex

273 2038 454 2101 factis
499 2039 592 2103 vel
646 2040 1109 2104 circumstantiis
1177 2040 1406 2103 desumi
1468 2063 1670 2125 posse,
1736 2047 1976 2126 apparet
2040 2062 2116 2103 ex
2180 2041 2358 2126 hujus

275 2155 520 2218 articuli
579 2154 834 2219 historia
900 2155 967 2238 2).
1035 2156 1112 2218 In
1177 2163 1284 2220 art.
1354 2160 1476 2220 227
1548 2157 1705 2220 enim
1773 2160 2113 2243 speciminis
2189 2164 2354 2223 1820

273 2270 535 2356 legitur:
586 2299 617 2327 ιι
638 2271 734 2334 De
775 2271 1141 2357 bewilliging
1198 2275 1266 2337 of
1303 2274 1670 2359 opgevolgde
1727 2274 2185 2362 bekrachtiging
2243 2300 2357 2341 van

281 2413 314 2440 ιι
336 2387 452 2449 den
494 2409 632 2449 man
681 2388 807 2471 (der
843 2387 1243 2474 handelingen
1287 2394 1470 2474 ziJner
1512 2391 1737 2473 vrouw)
1778 2390 2016 2456 behoeft
2060 2393 2186 2458 niet
2235 2395 2358 2458 uit-

281 2530 316 2559 ιι
339 2503 685 2590 drukkelijk
727 2511 788 2570 te
833 2509 982 2591 zijn,
1019 2529 1180 2570 maar
1209 2531 1347 2593 mag
1374 2509 1470 2573 uit
1501 2507 1691 2571 daden
1720 2530 1793 2571 en
1824 2509 2357 2597 omstandigheden

281 2648 314 2675 ιι
337 2620 574 2684 worden
617 2620 883 2705 afgeleid.
907 2648 939 2677 ιι
987 2622 1065 2684 In
1108 2621 1473 2685 sectionibus
1516 2629 1713 2686 tamen
1749 2622 1932 2687 hocce
1975 2634 2353 2711 praeceptum

270 2737 666 2822 periculosius
709 2736 1050 2801 habebatur.
1117 2739 1250 2801 Art.
1298 2742 1418 2802 217
1470 2738 1537 2801 C.
1599 2738 1665 2801 G.
1719 2738 1814 2801 Fr.
1862 2739 2084 2804 electus
2142 2748 2234 2806 est
2292 2750 2356 2806 et

273 2876 598 2918 consensus
639 2855 708 2916 in
750 2854 992 2936 seriptis
1033 2853 1370 2937 requiritur.

363 2972 431 3033 Si
475 2994 627 3034 uxor
664 2993 864 3035 coram
899 2972 1134 3034 notario
1173 2972 1495 3036 confecerit
1517 2978 1679 3052 acta,
1702 2973 1918 3057 quibus
1948 2975 2097 3038 actis
2119 2998 2356 3060 quoque

270 3087 628 3173 subscripsit
661 3088 911 3151 maritus
927 3136 942 3165 ,
986 3110 1062 3150 an
1096 3087 1236 3150 inde
1272 3096 1512 3173 apparet
1547 3089 1673 3173 ejus
1710 3091 2074 3154 consensus?
2114 3090 2357 3157 Pailliet

270 3210 567 3268 memorat
623 3204 976 3267 sententiam
1023 3204 1431 3267 affirmantem.
1487 3206 1587 3269 Ita
1628 3206 1809 3269 etiam
1852 3230 1962 3270 nos
1997 3230 2019 3291 J
2031 3207 2353 3275 udicamuS.

272 3321 372 3384 Ex
417 3321 466 3404 ej
475 3344 543 3383 us
588 3320 1020 3405 subscriptione
1081 3342 1215 3383 eum
1260 3323 1499 3385 affuisse
1543 3328 1781 3407 apparet
1832 3330 2010 3408 atque
2065 3325 2154 3388 ita
2212 3347 2353 3389 con-

269 3459 514 3502 sensum
559 3437 813 3516 dedisse,
857 3461 995 3501 nam
1032 3439 1160 3501 sine
1203 3438 1320 3503 hoc
1362 3462 1483 3502 non
1514 3440 1958 3526 subscripsisset
2004 3443 2170 3506 actis

362 3556 464 3617 An
519 3552 770 3617 maritus
821 3559 1026 3638 postea
1086 3559 1283 3639 potest
1326 3555 1464 3618 dare
1511 3558 1909 3621 consensum?
1958 3558 2099 3620 Sine
2154 3558 2353 3621 dubio.

269 3670 395 3733 Sed
450 3669 551 3733 hic
611 3676 907 3733 certamen
965 3670 1312 3755 opinionum
1375 3671 1580 3735 oritur.
1645 3672 2041 3738 Delvincourt
2087 3674 2134 3757 3)
2182 3680 2357 3759 putat

269 3784 729 3869 subsequentem
788 3785 1298 3849 confirmationem
1356 3786 1695 3851 nullitatem
1756 3796 2025 3853 actorum
2088 3790 2354 3875 priorum

269 3900 484 3965 tollere
507 3951 522 3980 ,
580 3900 734 3964 hanc
790 3900 980 3987 igitur
1035 3924 1157 3965 non
1216 3902 1469 3987 amplius
1528 3926 1717 3989 neque
1783 3929 1818 3970 a
1881 3908 2097 3978 marito
2165 3931 2358 3994 neque

368 4105 414 4183 ²)
458 4110 776 4178 Voorduin,
826 4131 875 4166 0.
923 4111 1060 4201 Lxd.
1109 4111 1184 4167 ΙΙ.
1239 4114 1374 4170 283.

367 4222 411 4308 ὃ)
459 4253 508 4289 0.
558 4233 592 4289 1.
645 4236 781 4289 395.
