2788 5114
900 1089 1583 1199 ADNOTATIO

382 1344 461 1415 z'n
520 1341 828 1416 Titulum
882 1342 1004 1417 VI
1038 1342 1250 1415 Libra·
1299 1342 1377 1433 I,
1443 1339 1603 1417 Cod.
1669 1341 1808 1418 C'z'v.
1870 1340 2099 1417 Neerl.

193 1782 362 1853 Art.
405 1782 566 1853 158.
605 1780 713 1855 De
742 1783 1275 1882 echtgenooten
1304 1785 1447 1883 zijn
1486 1784 1838 1858 elkander
1872 1784 2272 1856 wederkee⁴

301 1914 418 2012 rig
445 1917 952 2012 getrouwheid
973 1975 990 2008 ‚
1026 1918 1210 2016 hulp
1240 1945 1330 1992 en
1367 1918 1686 2016 bijstand
1724 1916 2270 2015 verschuldigd.

285 2146 493 2210 Hocce
531 2149 596 2210 in
626 2149 879 2212 articulo
909 2148 1212 2235 legislator
1242 2152 1439 2214 officia
1470 2150 1715 2213 moralia
1744 2148 2089 2213 enunciavit
2116 2170 2267 2231 quae

189 2263 480 2347 conjuges
501 2263 614 2327 sibi
653 2264 880 2328 debent.
920 2266 1125 2337 Quum
1157 2290 1340 2330 unum
1372 2266 1585 2331 horum
1618 2268 1948 2331 officiorum
1992 2264 2269 2340 1118181111,

191 2380 562 2464 principium
607 2382 969 2444 matrimonii
1017 2384 1318 2447 amittitur
1360 2392 1422 2448 et
1464 2406 1821 2469 quamquam
1853 2406 1926 2446 ex
1978 2382 2105 2467 lege
2149 2398 2271 2443 non

186 2494 460 2559 solutum
482 2545 496 2573 ‚
564 2502 758 2560 tamen
825 2518 1002 2560 sensu
1075 2498 1282 2562 morali
1342 2522 1464 2562 non
1524 2499 1775 2584 amplius
1841 2474 2063 2562 81113111.
2150 2496 2267 2560 Sed

186 2613 533 2697 quaerimus
570 2636 645 2676 an
687 2613 909 2678 bonum
947 2616 1057 2692 sit,
1097 2615 1212 2679 tale
1251 2616 1469 2679 morale
1506 2623 1881 2702 praeceptum
1916 2617 2044 2702 lege
2081 2639 2267 2678 anun-⁵

189 2729 361 2791 tiare.
423 2728 710 2792 Ponimus
775 2731 1154 2792 contrarium.
1203 2731 1278 2793 In
1346 2730 1550 2793 codice
1571 2753 1689 2814 quo
1755 2731 1907 2794 nihil
1967 2731 2129 2794 aliud
2172 2732 2265 2793 in-

189 2847 433 2910 venitur
497 2867 674 2929 quam
731 2847 1222 2931 jurispraecepta‚
1283 2846 1514 2909 nullum
1566 2853 1839 2910 occurrat
1892 2854 2266 2932 praeceptum

187 2986 429 3028 neeesse
460 2969 550 3027 est
583 2965 657 3026 ad
680 2964 841 3048 quod
877 2965 1247 3028 efficiendum
1278 2965 1479 3027 nullus
1515 2963 1727 3028 modus
1759 2963 1947 3026 datur.
1987 2963 2111 3033 Qui
2151 2960 2266 3025 hoc

187 3086 571 3166 praeceptum
609 3079 961 3157 defendunt,
1007 3081 1246 3156 dicunt,
1290 3079 1688 3165 legislatorem
1745 3079 1809 3141 in
1852 3077 1969 3142 hoc
2014 3077 2265 3141 articulo

186 3199 485 3284 principia
506 3199 905 3261 enuntiavisse
943 3196 1265 3260 secundum
1301 3220 1451 3281 quae
1502 3197 1947 3260 matrimonium
1995 3196 2263 3259 conside-

183 3314 443 3377 randum
485 3314 581 3377 sit.
628 3314 726 3377 Ita
762 3313 1064 3377 Tribunus
1095 3312 1282 3376 Gillet
1312 3312 1578 3375 defendit
1606 3311 1921 3375 articulum
1952 3310 2067 3375 hoc
2100 3313 2265 3396 (quia

186 3437 461 3496 nostrum
500 3430 850 3495 translatum
896 3436 985 3494 est
1027 3451 1059 3492 e
1103 3429 1326 3492 Codice
1368 3428 1835 3514 Napoleontico)
1882 3429 1947 3490 in
1992 3430 2261 3492 oratione

185 3544 396 3613 habita
425 3548 520 3611 die
553 3551 632 3611 23
660 3547 952 3625 Venffise,
985 3549 1124 3610 anni
1163 3545 1262 3609 XI
1298 3551 1358 3609 et
1393 3544 1632 3628 quidem
1664 3543 1825 3606 hisce
1860 3543 2081 3608 verbis:
2127 3571 2158 3600 n
2177 3544 2262 3609 Et

193 3689 227 3720 n
248 3664 386 3748 quel
409 3666 526 3728 ami
550 3664 652 3728 des
675 3687 906 3728 moeurs
942 3664 1210 3749 pourrait
1240 3662 1397 3724 aussi
1429 3661 1649 3723 refuser
1679 3677 1787 3722 son
1818 3661 2201 3725 assent-iment
2223 3664 2260 3724 ὲ,

193 3809 224 3834 n
248 3803 342 3844 883
365 3780 598 3844 articles
636 3781 716 3842 du
744 3781 868 3865 proj
876 3786 935 3843 et
959 3781 1040 3842 ou
1075 3779 1158 3842 les
1195 3779 1428 3841 devoirs
1463 3775 1721 3840 mutuels
1758 3775 1859 3838 des
1890 3777 2085 3860 epoux
2120 3783 2259 3840 sont

193 3925 225 3952 n
246 3899 500 3961 retraces
557 3919 698 3961 avec
761 3919 871 3960 une
931 3899 978 3960 si
1030 3898 1194 3981 juste
1251 3895 1562 3981 precision.
1627 3893 1724 3956 Ne
1766 3893 2098 3958 fussent-ils
2140 3915 2256 3978 que

192 4039 224 4066 n
246 4012 348 4076 des
384 4013 584 4097 points
622 4013 694 4076 de
730 4013 948 4076 morale
964 4063 979 4090 ,
1014 4013 1060 4076 il
1102 4011 1360 4075 faudrait
1404 4032 1614 4074 encore
1650 4005 1857 4074 rendre
1893 4014 2099 4096 graces
2136 4034 2255 4074 aux

191 4153 222 4182 n
245 4135 484 4192 auteurs
543 4130 625 4193 du
682 4131 873 4215 projet
931 4131 1001 4194 de
1051 4130 1178 4192 leur
1220 4128 1387 4192 avoir
1431 4128 1630 4191 donne
1672 4150 1777 4212 par
1819 4128 1876 4191 la
1917 4128 1999 4191 loi
2045 4151 2110 4191 ce
2156 4151 2251 4192 ca-

189 4273 220 4300 n
241 4245 468 4307 rac-tere
526 4252 776 4330 auguste
833 4246 934 4329 qui
995 4244 1122 4307 leur
1179 4243 1590 4307 recommande
1647 4245 1684 4304 a
1740 4242 1798 4305 la
1855 4242 2214 4328 meditation
2234 4296 2249 4325 ‚

1946 4362 1961 4400 ι
