2788 5114
1490 324 1574 383 4&

495 495 595 553 tus
646 512 819 553 curae
877 490 1202 555 submissus
1261 498 1351 555 est
1372 542 1386 569 ‚
1448 492 1637 557 aliove
1682 494 1861 557 modo
1925 517 2173 559 uxorem
2230 496 2579 559 facultatem

497 607 729 669 munire
783 609 1026 671 omnino
1078 630 1200 671 non
1251 614 1451 693 potest
1512 610 1602 673 vel
1646 633 1753 673 sua
1792 612 2103 676 commoda
2146 614 2323 676 uxori
2375 612 2583 675 adver-

501 729 737 800 santur,
770 722 942 799 huic,
975 724 1025 786 si
1070 726 1429 788 auctoritate
1468 726 1766 811 indigeat,
1808 750 1842 789 a
1876 727 2163 791 tribunali
2200 732 2475 811 requestn
2520 749 2586 789 ea

441 912 452 919 ,
498 841 750 926 petenda
767 890 781 918 ‚
825 863 941 924 qua
972 840 1042 903 de
1072 863 1134 903 re
1164 840 1427 905 tribunal
1454 842 1521 903 in
1558 842 1813 905 concilio
1848 842 2241 926 (raadkamer)
2267 842 2580 926 judicabit.

589 955 939 1019 Absentiam
1011 954 1112 1017 hic
1175 960 1561 1018 memoratam
1626 962 1905 1042 putamus
1969 977 2091 1020 non
2158 978 2384 1041 semper
2454 978 2580 1019 eam

497 1097 622 1138 esse
681 1079 787 1137 art.
835 1076 959 1135 519
1005 1071 1152 1134 Cod.
1206 1072 1334 1134 Civ.
1389 1072 1492 1135 sed
1544 1073 1958 1157 temporalem,
2002 1074 2143 1157 quia
2182 1072 2397 1135 mulier
2454 1094 2581 1135 om-

497 1191 642 1254 nino
687 1196 882 1277 potest
926 1192 1074 1254 scire
1116 1191 1315 1254 locum
1332 1241 1348 1268 ‚
1390 1190 1494 1255 ubi
1538 1191 1790 1253 maritus
1842 1190 2019 1274 degat
2062 1191 2163 1253 sed
2205 1191 2365 1253 facta
2380 1240 2396 1268 ,
2433 1211 2581 1273 quae

493 1307 771 1393 perficere
817 1306 947 1370 vult
1003 1306 1182 1369 nimis
1237 1328 1520 1390 magnum
1577 1306 1861 1390 temporis
1904 1304 2162 1391 spatium
2200 1305 2454 1390 exigunt
2511 1308 2580 1367 ut

496 1427 836 1506 exspectare
877 1430 1076 1505 posset
1126 1421 1544 1484 auctoritatem
1608 1421 1825 1484 mariti.
1888 1420 1963 1483 V.
2024 1443 2071 1484 c.
2128 1421 2435 1506 profectus
2492 1426 2581 1483 est

496 1538 563 1601 in
622 1538 828 1602 Indias
880 1538 972 1601 vel
1029 1546 1119 1603 est
1161 1544 1368 1615 nauta,
1418 1544 1551 1601 tum
1593 1538 1805 1601 mulier
1854 1539 2093 1621 quidem
2144 1539 2260 1603 scit
2304 1537 2406 1602 ubi
2463 1539 2579 1602 fere

503 1656 680 1740 degat
739 1653 839 1717 sed
883 1654 1062 1717 nimis
1109 1653 1368 1716 multum
1413 1654 1696 1740 temporis
1754 1659 1970 1717 tereret
2012 1653 2088 1716 ad
2128 1654 2579 1739 exspectandam

501 1772 550 1856 ej
559 1792 628 1833 us
673 1770 1104 1833 auctoritatem.
1152 1768 1322 1831 Haec
1363 1790 1601 1853 quoque
1642 1775 1733 1832 est
1783 1770 2077 1833 sententia
2118 1770 2278 1833 edita
2326 1770 2393 1832 in
2436 1770 2577 1833 deli-

500 1886 905 1951 berationibus
928 1909 1068 1949 nam
1090 1891 1366 1971 rogatum
1389 1892 1481 1949 est
1500 1886 1567 1949 in
1589 1886 1865 1949 Concilio
1890 1887 2099 1951 Status
2116 1937 2130 1963 ‚
2180 1914 2215 1944 ιι
2234 1887 2303 1950 Si
2336 1886 2577 1951 l'article

516 2030 546 2057 ιι
564 2001 724 2089 parle
772 2001 912 2064 d'un
957 2001 1105 2064 mari
1151 1999 1476 2063 seulement
1518 2000 1726 2064 absent
1770 2001 1852 2066 du
1893 2001 2015 2064 lieu
2061 2002 2142 2063 01³1
2185 2022 2247 2064 se
2292 2007 2503 2066 trouve
2521 2001 2577 2065 la

515 2146 544 2173 ιι
569 2120 781 2183 femme
821 2141 900 2181 ou
937 2117 1030 2181 s'il
1057 2116 1217 2202 parle
1255 2116 1337 2179 du
1371 2118 1521 2180 mari
1546 2117 1778 2180 declare
1798 2117 2020 2181 absent.
2066 2117 2123 2181 Il
2146 2141 2181 2183 a
2202 2119 2301 2182 ete
2318 2119 2577 2205 repondu

517 2262 552 2293 ιι
571 2257 686 2318 que
742 2233 800 2297 la
856 2234 1070 2297 femme
1128 2233 1306 2296 serait
1364 2238 1503 2318 trop
1559 2232 1895 2319 longtemps
1955 2234 2102 2297 dans
2144 2233 2576 2320 l'impuissance

506 2379 540 2410 ιι
560 2349 748 2436 d'agir
806 2352 857 2413 si
916 2349 1025 2414 elle
1083 2372 1158 2413 ne
1214 2351 1463 2435 pouvait
1499 2350 1754 2415 'obtenir
1812 2351 2249 2415 l'autorisation
2309 2352 2391 2414 du
2432 2356 2573 2437 juge

510 2497 540 2523 ιι
561 2474 742 2532 avant
784 2490 898 2552 que
942 2490 1052 2531 son
1097 2468 1244 2533 mari
1289 2470 1397 2534 eut
1442 2470 1540 2531 ete
1584 2467 1817 2531 declare‘·
1858 2468 2066 2532 absent
2110 2469 2174 2551 1).

587 2585 756 2649 Haec
835 2585 1246 2670 interpretatio
1305 2590 1365 2647 et
1421 2584 1812 2669 plurimorum
1880 2590 2414 2648 commentatorum
2470 2589 2571 2648 est.

500 2703 674 2767 Aliae
719 2726 928 2770 causae
969 2702 1154 2766 hocce
1196 2703 1261 2765 in
1321 2703 1575 2766 articulo
1614 2709 1987 2768 enumeratae
2030 2709 2173 2767 sunt
2218 2727 2268 2767 v.
2296 2727 2346 2767 o.
2391 2725 2569 2787 quum

500 2821 750 2884 maritus
795 2841 969 2883 curae
1007 2818 1332 2883 submissus
1369 2824 1459 2882 est
1497 2818 1589 2882 vel
1625 2803 1833 2883 morbo
1862 2821 2031 2904 gravi
2068 2819 2391 2905 impeditur
2428 2841 2569 2902 quo-

497 2939 697 3002 minus
733 2961 824 3001 res
870 2959 1005 3000 suas
1052 2942 1233 3000 curet.

581 3057 648 3120 Si
691 3056 904 3120 mulier
948 3055 1214 3119 curatrix
1253 3053 1452 3116 mariti
1492 3054 1859 3131 nominatur,
1898 3076 1971 3116 an
2009 3059 2140 3116 tum
2170 3075 2407 3138 quoque
2437 3076 2570 3116 auc-

496 3175 742 3238 toritate
777 3172 1093 3237 tribunalis
1127 3170 1399 3254 indiget?
1442 3170 1571 3232 Art.
1598 3171 1720 3231 505
1760 3168 1945 3232 dicit:
1982 3197 2013 3226 ιι
2032 3170 2099 3232 in
2136 3169 2239 3233 dat
2272 3170 2443 3254 geval
2486 3169 2569 3232 zal

507 3319 538 3346 ιι
559 3291 631 3354 (16
672 3291 1097 3376 kantonregter
1139 3311 1217 3351 na
1259 3286 1512 3351 verhoor
1554 3287 1624 3348 of
1659 3287 1984 3371 oproeping
2028 3309 2142 3350 van
2172 3288 2244 3351 de
2272 3287 2567 3352 bloedver-

507 3436 538 3464 ιι
558 3413 790 3470 wanten
850 3407 918 3469 of
971 3402 1409 3488 aangehuwden
1470 3424 1584 3465 van
1629 3402 1741 3464 den
1787 3402 1971 3465 onder
2021 3404 2277 3468 curatele
2318 3403 2569 3489 gestelde

507 3552 539 3581 ιι
558 3547 741 3588 eenen
783 3522 1127 3587 toezienden
1175 3525 1415 3583 curator
1473 3517 1791 3582 aanstellen
1808 3569 1823 3595 ‚
1866 3519 2187 3604 mitgaders
2239 3521 2352 3584 den
2409 3544 2569 3586 vorm

508 3669 540 3698 ιι
559 3663 634 3704 en
694 3640 764 3703 de
824 3636 1238 3702 voorwaarden
1292 3636 1396 3699 der
1436 3635 1746 3721 besturing
1786 3635 2019 3720 regelen
2034 3687 2050 3714 ,
2093 3636 2433 3701 behoudens
2474 3638 2570 3702 het

506 3784 538 3814 ιι
557 3757 771 3842 beroep
828 3778 942 3820 van
1001 3755 1072 3818 de
1132 3775 1334 3818 vrouw
1393 3775 1502 3815 aan
1562 3751 1633 3815 de
1676 3752 2568 3838 Arrondissements-Regtbank

511 3900 541 3928 ιι
564 3894 671 3935 zoo
719 3875 791 3956 zij
840 3877 1138 3934 vermeent
1183 3869 1330 3932 door
1373 3868 1445 3931 de
1487 3867 1957 3952 beschikkingen
2002 3890 2116 3932 van
2162 3868 2276 3931 den
2318 3869 2568 3933 kanton-

501 3995 751 4074 stregter
794 3987 1094 4052 bezwaard
1137 3991 1200 4048 te
1243 3989 1376 4067 zijn.
1403 4010 1431 4039 ιι

583 4219 630 4299 1)
674 4223 882 4291 Locr6‚
931 4245 981 4280 o.
1029 4223 1063 4278 l.
1113 4223 1218 4278 ΠΙ.
1273 4226 1407 4276 524.
