2788 5114
1216 365 1296 423 :33

193 555 498 599 revocare.
559 509 793 613 Potest,
851 535 902 598 si
956 556 1094 598 vero
1154 535 1344 619 magis
1396 534 1572 598 uxori
1622 533 1897 620 prodesse
1939 540 2111 620 putet
2126 585 2141 612 ‚
2184 529 2293 597 lite

194 646 510 714 discedere
576 651 670 714 vel
743 651 932 714 actori
1009 649 1328 714 concedere
1387 657 1481 714 ut*
1526 652 1821 716 sumtibus
1888 658 2089 738 parcet
2110 703 2124 730 ,
2198 652 2292 714 sin

199 772 413 831 autem
473 766 876 851 inopportuno
935 769 1198 849 tempore
1257 763 1350 827 vel
1394 765 1460 826 in
1509 766 1713 828 uxoris
1760 765 2041 830 damnum
2076 769 2297 830 faceret

194 883 456 946 omnino
495 904 632 944 cum
670 903 826 943 cons.
861 878 1156 965 Diephuis
1193 879 1242 962 2)
1281 879 1454 943 nobis
1496 881 1833 944 faciendum
1878 883 2143 960 videtur,
2195 883 2297 966 ju-

196 1000 404 1064 dicem
442 1022 577 1063 eum
615 1022 690 1063 ex
726 998 1092 1084 temporibus
1131 999 1522 1061 condemnare
1558 1022 1726 1084 posse
1757 1000 1822 1064 in
1852 1001 2297 1065 resarcitionem

198 1123 527 1182 sumtuum
573 1123 633 1181 et
681 1117 897 1180 damni.

297 1234 366 1297 Si
431 1233 645 1297 mulier
702 1234 958 1319 innupta
1020 1233 1190 1296 litem
1255 1233 1659 1313 inchoaverit,
1730 1257 1913 1320 eaque
1976 1236 2267 1322 pendente
2284 1287 2299 1314 ,

194 1352 452 1436 nuptias
495 1351 729 1429 inierit,
773 1356 881 1415 art.
931 1355 1057 1414 254
1095 1350 1241 1414 Cod.
1275 1351 1476 1414 Neerl.
1516 1352 1588 1414 de
1625 1351 1807 1416 meth.
1845 1376 2006 1439 proc.
2045 1355 2111 1416 in
2141 1377 2298 1419 caus,

195 1470 325 1532 civ.
362 1463 466 1530 hic
504 1467 694 1530 valere
730 1472 956 1552 potest,
993 1468 1136 1551 quia
1171 1474 1318 1531 tunc
1362 1491 1519 1530 unus
1557 1491 1631 1532 ex
1667 1468 2047 1554 litigantibus
2087 1472 2300 1557 capitis

196 1584 674 1649 diminutionem
717 1585 945 1668 patitur
989 1588 1050 1647 et
1084 1583 1382 1667 judicium
1431 1584 1705 1648 differtur
1748 1586 1823 1669 3).

297 1703 477 1766 ConS.
538 1701 834 1788 Diephuis
883 1701 933 1784 4)
984 1700 1303 1765 Zachariae
1346 1703 1396 1786 5)
1444 1708 1505 1767 et
1549 1702 1870 1767 Duranton
1924 1704 1972 1787 ⁶)
2014 1705 2115 1788 jus
2160 1726 2303 1768 con-

197 1819 438 1884 cedunt
503 1817 866 1882 adversariae
919 1817 1075 1903 parti
1149 1819 1353 1881 uxoris
1428 1824 1565 1883 ante
1624 1821 1825 1883 omnia
1882 1842 2159 1904 quaerere
2231 1825 2302 1884 ut

199 1960 372 2002 uxor
435 1936 644 2021 probet
710 1934 1128 1998 auctoritatem
1204 1935 1318 1999 sibi
1372 1936 1626 2000 delatam
1680 1960 1804 2001 esse
1829 1988 1844 2013 ‚
1905 1943 1965 2001 et
2029 1932 2145 2002 hoc
2205 1960 2301 2001 ae-

197 2054 438 2138 quitati
484 2056 946 2116 consentaneum
1011 2057 1132 2128 est,
1197 2051 1361 2135 quod
1426 2053 1617 2116 facere
1681 2059 1880 2138 potest
1945 2053 2123 2117 initio
2172 2054 2301 2118 litis

199 2168 602 2254 excipiendo,
645 2167 806 2251 quod
835 2166 935 2250 jus
965 2166 1019 2230 ei
1053 2167 1402 2231 conceditur
1433 2173 1655 2231 arresto
1695 2168 1911 2231 Curiae
1935 2169 2303 2232 Cassationis

200 2287 314 2351 die
361 2290 441 2348 22
490 2285 611 2347 Oct
656 2285 821 2346 1807
879 2273 947 2365 ⁷).

304 2403 406 2466 Ex
448 2409 555 2466 art.
605 2405 641 2464 3
690 2400 934 2463 Codicis
979 2399 1170 2463 Meth.
1203 2419 1288 2485 pr.
1318 2400 1385 2462 in
1418 2399 1484 2464 C.
1518 2399 1647 2463 Oiv.
1688 2402 1913 2465 sufficit
1950 2424 2139 2464 unum
2168 2408 2303 2465 tan-

198 2528 352 2589 tum
390 2517 687 2605 exemplar
725 2517 1030 2581 citationis
1070 2516 1195 2580 dari
1235 2517 1589 2601 conjugibus
1626 2539 1751 2581 11011
1789 2518 2073 2603 separatis
2104 2541 2305 2582 mensa

201 2664 284 2706 ac
335 2638 515 2703 thoro
560 2636 653 2701 vel
695 2636 881 2700 bonis,

303 2754 545 2817 Ultimo
582 2752 716 2816 loco
754 2752 926 2815 nobis
963 2750 1109 2814 haec
1153 2751 1425 2833 quaestio
1461 2750 1777 2814 tractanda
1814 2758 1917 2815 est.
1952 2754 2083 2816 Art.
2124 2753 2303 2817 dicit:

209 2903 244 2927 n
278 2872 358 2937 de
403 2894 605 2934 vrouw
648 2870 770 2933 kan
814 2869 941 2932 niet
986 2906 1070 2915 —
1115 2867 1172 2930 al
1213 2868 1267 2930 is
1321 2872 1393 2952 zij
1448 2868 1658 2932 buiten
1710 2869 2137 2955 gemeenschap
2189 2893 2305 2932 van

207 3018 244 3049 n
273 2988 578 3076 goederen
621 2984 928 3071 getrouwd
947 3033 962 3060 ‚
1016 2984 1083 3046 of
1122 3005 1238 3046 van
1280 2983 1573 3068 goederen
1624 2983 1977 3068 gescheiden
1993 3034 2008 3062 ‚
2060 2986 2127 3048 of
2165 3008 2306 3049 eene

207 3137 244 3165 n
276 3105 577 3192 openbare
634 3104 1000 3187 koopvrouw
1029 3129 1060 3159 n
1123 3100 1271 3185 quid
1337 3102 1388 3163 si
1457 3101 1711 3185 separati
1779 3107 1921 3165 sunt
1979 3124 2181 3165 mensa
2239 3125 2308 3166 ac

305 3295 353 3371 2)
402 3315 454 3351 0.
502 3295 538 3350 1.
586 3295 633 3351 1.
685 3295 824 3353 378.

302 3430 350 3501 3)
399 3425 474 3483 cf
508 3430 694 3482 tamen
737 3427 837 3481 art.
889 3425 1004 3479 255
1056 3422 1118 3479 G.
1165 3423 1244 3479 M.
1291 3442 1373 3499 pr.
1408 3424 1468 3479 in
1500 3424 1561 3481 O.
1598 3424 1716 3482 Civ.
1752 3445 1864 3501 quo
1916 3427 2039 3495 „de
2084 3429 2305 3485 conclu-

400 3573 429 3595 „
451 3526 570 3583 sien
606 3526 766 3583 reeds
805 3545 877 3600 op
917 3524 986 3582 de
1023 3523 1403 3599 teregtzitting
1438 3524 1617 3598 zijnde
1656 3546 1960 3599 genomen,
2006 3528 2102 3585 het
2138 3534 2310 3604 regts-

399 3671 429 3694 ,‚
451 3626 657 3701 geding
710 3625 1003 3700 gehouden
1062 3624 1241 3682 wordt
1297 3623 1356 3680 in
1412 3629 1555 3680 sta-at
1598 3645 1707 3682 van
1750 3627 1944 3701 wijzen
1986 3634 2041 3684 te
2086 3629 2193 3703 zijn
2239 3650 2308 3687 en

401 3773 430 3795 „
454 3725 524 3783 de
569 3726 857 3799 schorsing
900 3743 1040 3799 geen
1085 3724 1265 3799 plaats
1308 3724 1476 3782 heeft.
1504 3724 1534 3747 '’

304 3855 354 3936 4)
402 3880 454 3917 0.
502 3860 538 3915 l.
585 3860 632 3915 I.
683 3859 820 3917 378.

307 3992 356 4069 ⁶)
405 4013 458 4050 ο.
504 3992 543 4049 l.
589 3992 667 4049 II.
716 3994 739 4066 ᾗ
785 3991 923 4049 472.

308 4126 357 4203 6)
407 4146 457 4183 0.
506 4126 543 4182 1.
591 4126 739 4199 1105
792 4127 932 4181 419.

314 4258 363 4337 7)
411 4262 566 4337 Sirey
618 4264 794 4317 1808.
851 4260 895 4315 I.
950 4259 1085 4317 127.
