2788 5114
1516 306 1597 366 16

517 476 882 540 matrimonii
945 498 1086 539 esse.
1182 475 1300 538 Sed
1372 474 1474 538 hic
1544 474 1873 539 luculenter
1961 478 2201 560 apparet
2284 476 2626 559 praecepta

518 599 756 657 tantum
809 592 1056 657 moralia
1113 592 1280 657 valde
1338 592 1581 656 inutilia
1625 615 1749 656 esse
1799 592 1865 655 in
1906 592 2041 676 jure
2082 590 2359 677 positivo,
2400 589 2625 653 Valde

521 709 679 771 enim
745 708 1084 772 dubitamus
1105 759 1120 786 ,
1194 730 1269 771 an
1355 730 1619 791 unquam
1684 729 1837 771 uxor
1858 758 1874 785 ‚
1954 730 2104 790 quae
2173 707 2391 770 marito
2468 706 2625 771 obe-

522 825 646 889 dire
681 826 1064 904 recusaverit,
1121 825 1236 889 hoc
1295 833 1606 913 praecepto
1666 828 1915 913 legendo
1980 828 2055 891 ad
2116 827 2421 891 meliorem
2474 847 2625 888 sen-

521 966 654 1007 sum
709 944 966 1009 redierit.
1021 945 1088 1008 Si
1145 950 1521 1031 praeceptum
1579 968 1770 1031 poena
1821 945 2036 1009 sanciri
2100 945 2422 1031 potuisset,
2472 946 2623 1029 jure

520 1084 826 1146 quaereres
841 1112 857 1140 ,
945 1084 1064 1146 quo
1145 1084 1332 1146 usque
1414 1084 1482 1125 ea
1555 1061 1892 1126 obedientia
1970 1061 2277 1126 deberetur
2299 1112 2315 1140 ‚
2374 1067 2451 1125 ut
2542 1084 2626 1123 ex

521 1178 859 1263 speciminis
931 1178 1069 1241 anni
1148 1181 1312 1240 1820
1374 1184 1685 1264 praecepto
1768 1206 1798 1237 n
1820 1178 1892 1241 de
1964 1201 2167 1242 vrouw
2246 1178 2298 1242 is
2364 1179 2431 1241 in
2500 1178 2623 1241 alle

530 1320 561 1349 n
581 1293 863 1377 redeliJke
909 1294 1094 1357 zaken
1139 1316 1250 1357 aan
1292 1293 1476 1358 haren
1518 1316 1658 1357 man
1700 1293 2228 1379 gehoorzaamheid
2272 1293 2571 1379 schuldig
2584 1321 2616 1349 n

527 1416 663 1474 ante
716 1410 1146 1474 decernendum
1198 1416 1348 1489 erat,
1415 1411 1562 1495 quid
1618 1412 1851 1496 justum
1918 1410 2011 1474 vel
2072 1412 2365 1495 injustum
2431 1416 2619 1475 esset.

529 1527 734 1598 Quum
795 1548 932 1589 vero
989 1526 1135 1591 haec
1211 1528 1441 1591 sanctio
1498 1526 1761 1612 poenalis
1828 1525 2075 1589 adscisci
2132 1525 2408 1609 nequiret
2486 1547 2619 1588 non

525 1644 696 1707 aliter
726 1643 1217 1708 considerandum
1247 1650 1339 1707 est
1374 1665 1554 1727 quam
1575 1642 1845 1727 exposito
1881 1641 2159 1727 principii
2191 1664 2225 1703 a
2260 1640 2617 1726 legislatore
2718 1720 2720 1723 Α

529 1762 760 1846 accepti
805 1768 865 1826 et
908 1761 1066 1825 unde
1109 1762 1254 1825 aliae
1298 1762 1534 1847 regulae
1579 1761 1864 1825 deductae
1906 1765 2062 1824 sunt.
2718 1732 2720 1739 Ι

615 1879 723 1965 Z3'7
743 1879 799 1939 is
833 1880 1090 1962 verpliqt
1111 1886 1225 1941 met
1263 1882 1374 1941 den
1410 1902 1547 1941 man
1582 1901 1785 1941 zamen
1808 1885 1867 1941 te
1886 1901 2112 1955 women,
2136 1900 2208 1940 en
2250 1880 2381 1940 hem
2403 1877 2623 1940 overal
2718 1854 2720 1923 J

528 2002 586 2058 te
629 1996 836 2077 volqen
877 2018 1037 2058 waar
1080 1995 1177 2081 k3’7
1202 1995 1455 2077 diemtiy
1501 1996 1755 2057 oordeelt
1797 1994 1931 2080 23'772
1980 1994 2245 2080 verbl3'2‘f
2268 2000 2329 2054 te
2356 1994 2613 2056 houden.
2717 1972 2720 2041 ἶ

615 2107 998 2173 Cohabitatio
1057 2109 1293 2192 sequela
1358 2115 1451 2173 est
1506 2109 1897 2187 matrimonii,
1942 2108 2069 2172 sine
2111 2130 2227 2191 qua
2279 2108 2447 2171 omni
2492 2108 2617 2170 fine

529 2236 715 2306 carct3
778 2227 1002 2291 nullius
1059 2228 1345 2299 momenti
1405 2228 1562 2290 enim
1619 2228 1815 2291 forent
1872 2225 2126 2290 fidelitas
2149 2276 2164 2303 ‚
2209 2225 2509 2289 auxilium
2552 2230 2615 2288 et

528 2343 860 2407 subsidium
875 2393 890 2421 ‚
933 2364 1082 2426 quac
1127 2342 1409 2427 conjuges
1454 2342 1567 2405 sibi
1612 2342 1824 2405 debent
1866 2341 2301 2425 liberorumque
2329 2341 2613 2407 educatio

530 2461 580 2523 si
627 2460 939 2544 separatim
992 2460 1273 2523 viverent.

619 2577 902 2641 Officium
924 2583 1122 2640 autem
1143 2582 1234 2640 est
1254 2576 1523 2662 generale
1552 2599 1742 2661 neque
1770 2583 2008 2641 tantum
2052 2577 2306 2663 patriam
2358 2582 2611 2663 spectat.
2716 2653 2718 2670 ἱ

532 2693 629 2756 Ex
649 2692 901 2756 historia
919 2693 1079 2756 enim
1102 2698 1209 2756 art.
1237 2697 1362 2755 214
1386 2693 1453 2755 C.
1489 2693 1570 2755 N.
1600 2692 1779 2775 (unde
1814 2697 2017 2756 noster
2046 2691 2333 2755 articulus
2371 2692 2611 2755 desum-

532 2817 632 2874 tus
661 2810 810 2891 est),
841 2813 1085 2894 apparet
1121 2812 1391 2871 auctores
1415 2808 1673 2893 primum
1703 2806 1819 2870 hoc
1841 2809 2105 2872 officium
2126 2807 2611 2872 circumscribere

536 2927 790 2991 voluisse
833 2925 908 2988 ad
958 2952 988 2983 u
1007 2924 1062 2987 le
1099 2923 1193 2988 'sol
1240 2924 1609 2988 continental
1653 2947 1733 2987 ou
1787 2924 2041 2988 colonial
2086 2924 2157 2987 de
2200 2923 2258 2987 la
2314 2924 2610 3010 Republi-
2712 2889 2718 3010 l

539 3071 571 3102 n
590 3066 704 3128 que
725 3071 757 3102 u
813 3043 914 3106 sed
956 3042 1195 3106 Primus
1257 3041 1487 3106 Consul
1530 3064 1799 3128 expresse
1845 3041 2165 3106 declaravit
2222 3041 2432 3105 uxoris
2475 3043 2609 3105 offi-

534 3160 694 3224 cium
738 3161 1051 3245 conjugem
1093 3159 1374 3243 sequendi
1419 3181 1543 3222 esse
1585 3159 1854 3244 generale
1896 3165 1956 3223 et
1996 3159 2343 3222 universum
2388 3155 2457 3243 ¹)·
2508 3158 2610 3222 Ex
2714 3141 2716 3150 ³

537 3275 620 3339 rei
664 3280 878 3339 natura
923 3275 1191 3359 sequitur
1233 3275 1518 3338 maritum
1561 3274 1960 3359 postulantem
2005 3275 2077 3339 ab
2134 3296 2321 3338 uxore
2361 3281 2434 3339 ut
2498 3275 2608 3338 do-
2714 3269 2716 3346 3

536 3415 702 3455 mum
770 3415 1142 3455 communem
1207 3390 1502 3455 inhabitet
1516 3440 1533 3467 ‚
1576 3391 1753 3453 etiam
1812 3390 2009 3475 ipsum
2052 3412 2182 3453 eam
2234 3390 2477 3453 domum
2512 3390 2608 3453 in-

538 3508 804 3573 habitare
850 3509 1055 3572 debere
1071 3559 1086 3586 ‚
1137 3515 1208 3572 ut
1253 3507 1542 3572 Tribunal
1577 3507 2141 3571 Amstelodamensis
2179 3507 2273 3570 die
2321 3512 2402 3570 19
2450 3509 2607 3592 Aug.

544 3627 710 3686 1844
733 3674 748 3702 ,
777 3624 1098 3708 judicabat.
1139 3624 1322 3688 Curia
1373 3623 1748 3688 Drenthiana
1793 3623 1887 3686 die
1936 3629 1971 3687 6
2018 3623 2177 3708 Sept.
2240 3627 2404 3688 1845
2444 3623 2607 3709 judi-
2714 3673 2716 3712 Ι

539 3738 699 3802 cavit
714 3788 729 3816 ,
771 3737 888 3802 hoc
930 3744 1307 3824 praeceptum
1356 3744 1504 3802 tunc
1560 3761 1795 3822 quoque
1838 3739 2028 3802 valere
2044 3789 2059 3816 ‚
2102 3761 2289 3822 quum
2317 3738 2607 3804 habitatio
2712 3751 2714 3822 ξ

538 3855 708 3920 navis
751 3854 831 3918 sit
882 3855 976 3919 vel
1025 3855 1176 3918 alius
1218 3856 1386 3920 locus
1436 3877 1613 3940 quam
1650 3855 1863 3918 domus
1912 3855 1981 3939 2).

630 3990 677 4066 1)
718 3991 1012 4061 Poncelet,
1061 4011 1111 4049 0.
1159 3993 1194 4049 l.
1249 3996 1383 4049 150.

638 4101 686 4182 ²)
728 4107 814 4165 De
857 4107 1202 4183 Regtspraak
1245 4127 1352 4165 van
1383 4107 1492 4164 den
1521 4107 1761 4183 Hoogen
1789 4108 1950 4167 Raad
1995 4109 2135 4166 door
2160 4109 2267 4168 Mr.
2316 4109 2388 4168 D.
2436 4107 2603 4170 Leon.

711 4207 771 4266 II
819 4211 870 4266 2.
921 4209 1023 4266 Afl.
1074 4208 1161 4265 ad.
1211 4213 1309 4266 art.
1368 4211 1505 4265 161.
