2788 5114
1433 371 1515 430 24,

539 571 659 617 om
711 545 966 618 zekere
1017 544 1186 616 akte
1240 545 1324 615 of
1366 542 1871 616 verbindtenis
1942 565 2083 613 aan
2154 552 2232 613 te
2294 563 2504 638 gaan
2532 595 2548 626 ,

535 678 596 748 is
676 676 768 748 (16
843 701 1100 748 vrouw
1190 674 1556 747 daardoor
1642 673 1795 745 niet
1882 670 2280 771 geregtigd
2368 695 2548 758 om,

539 805 814 878 zonder
883 804 1463 901 uitdrukkelijke
1548 804 2073 902 toestemming
2153 828 2301 875 van
2386 799 2549 872 den

541 961 752 1025 man,
792 936 1047 1034 eenige
1082 935 1414 1033 betaling
1440 946 1515 1007 te
1542 945 1970 1032 ontvangen
1990 990 2009 1024 ,
2046 935 2131 1005 of
2158 934 2544 1005 daarvoor

542 1068 879 1166 kwijting
931 1078 1006 1140 te
1057 1093 1313 1166 geven.

530 1316 720 1399 Origo
751 1313 929 1397 hujus
961 1311 1199 1376 articuli
1235 1312 1548 1397 praecipue
1584 1310 1919 1395 quaerenda
1954 1316 2047 1374 est
2081 1312 2149 1374 in
2184 1315 2517 1395 praecepto
2535 1361 2553 1388 ‚

445 1432 726 1494 maritum
788 1434 967 1513 caput
1030 1427 1398 1491 matrimonii
1456 1449 1581 1490 esse
1641 1433 1701 1490 et
1757 1449 1877 1509 qua
1934 1426 2117 1490 talem
2178 1425 2339 1489 bona
2391 1447 2551 1488 con-

437 1549 655 1634 jugum
722 1545 1135 1609 administrare
1192 1550 1253 1606 et
1310 1543 1467 1606 bona
1490 1593 1505 1620 ‚
1576 1564 1727 1626 quae
1792 1543 2000 1605 uxoris
2064 1547 2237 1619 sunt,
2300 1542 2556 1626 integra

445 1685 673 1728 servare
753 1661 974 1726 debere.
1063 1661 1158 1724 De
1249 1659 1429 1743 hujus
1497 1658 1736 1722 articuli
1817 1657 2086 1722 utilitate
2149 1679 2327 1720 nemo
2414 1659 2551 1720 fere

443 1780 768 1858 dubitabit,
829 1781 970 1863 quia
1027 1801 1274 1841 uxorem
1322 1777 1522 1840 minus
1578 1777 1827 1861 peritam
1882 1797 2081 1838 rerum
2124 1774 2540 1838 humanarum

442 1905 646 1962 tuetur
687 1919 762 1959 116
805 1896 930 1979 ejus
972 1892 1288 1957 facultates
1331 1892 1566 1955 minuat
1611 1897 1788 1974 atque
1845 1889 2058 1973 quavis
2119 1890 2318 1953 civilis
2372 1891 2545 1955 vit-ae

448 2013 684 2077 actione
700 2061 715 2088 ‚
758 2010 1020 2074 officium
1066 2007 1435 2071 obedientiae
1485 2007 1551 2069 in
1592 2005 1757 2069 illius
1802 2007 2150 2069 memoriam
2195 2013 2455 2071 revocat.

533 2129 753 2192 Sensus
795 2125 972 2209 hujus
1024 2124 1260 2188 articuli
1305 2123 1596 2208 generalis
1642 2131 1733 2187 est
1784 2129 1845 2187 et
1889 2146 2025 2188 cum
2080 2125 2146 2186 in
2206 2123 2551 2188 alienandis

446 2250 578 2309 tum
620 2245 687 2306 in
750 2240 1122 2324 acquirendis
1181 2238 1354 2302 rebus
1411 2237 1733 2302 mobilibus
1792 2246 1853 2302 et
1903 2239 2317 2303 immobilibus
2364 2239 2547 2304 valet.

449 2359 632 2432 Quod
692 2356 766 2418 ad
819 2356 1041 2440 priores
1080 2359 1186 2418 art.
1234 2358 1359 2416 249
1416 2353 1483 2415 C.
1528 2353 1595 2415 G.
1655 2353 1883 2438 excipit
1942 2376 2172 2431 casum,
2224 2377 2403 2438 quem
2450 2359 2550 2418 sic

450 2475 761 2562 exprimit:
825 2500 856 2530 ιι
878 2472 972 2534 Ι)6
1031 2493 1234 2535 vrouw
1291 2470 1477 2533 welke
1534 2493 1650 2533 van
1705 2470 1998 2554 goederen
2043 2470 2406 2556 gescheiden
2450 2472 2510 2534 is
2531 2521 2553 2548 ,

455 2618 488 2650 ιι
506 2590 752 2655 bekomt
808 2589 880 2652 de
937 2590 1083 2670 vrije
1139 2585 1458 2671 beheering
1515 2586 1770 2649 daarvan
1814 2592 1990 2672 terug
2034 2610 2108 2651 en
2152 2588 2275 2651 kan
2319 2588 2547 2652 niette-

457 2734 489 2763 ιι
507 2704 867 2791 genstaande
911 2702 982 2766 de
1025 2702 1375 2787 bepalingen
1419 2723 1534 2764 van
1578 2700 1794 2764 artikel
1836 2705 1956 2765 163
1975 2752 1991 2781 ,
2031 2726 2147 2766 van
2194 2703 2310 2766 den
2344 2708 2553 2787 regter

464 2851 496 2881 ιι
517 2844 657 2886 66116
716 2820 1046 2906 algemeene
1101 2818 1467 2904 bewilliging
1532 2818 1826 2882 bekomen
1885 2841 1984 2882 om
2044 2842 2187 2884 over
2229 2820 2372 2884 hare
2414 2842 2553 2883 roe-

465 2969 496 2997 n
514 2940 692 3004 rende
725 2938 1014 3025 goederen
1051 2943 1110 3001 te
1145 2936 1528 3001 beschikken.
1546 2964 1577 2995 n
1619 2937 1743 3007 Qm·
1776 2938 1849 3000 (16
1874 2959 2000 3001 uno
2031 2938 2182 3001 dicit
2197 2990 2212 3018 ‚
2254 2939 2328 3001 (16
2358 2938 2554 3001 altero

454 3061 649 3141 negat.
693 3054 813 3117 Res
850 3051 1181 3116 immobiles
1224 3051 1475 3142 facultas
1520 3051 1817 3114 alienandi
1860 3053 1916 3115 ei
1959 3075 2083 3116 non
2137 3054 2503 3117 conceditur.

545 3172 739 3234 Causa
780 3191 886 3234 cur
926 3190 1077 3231 uxor
1105 3167 1259 3230 nihil
1290 3167 1610 3231 donatione
1641 3168 1833 3252 possit
1868 3167 2136 3232 obtinere
2179 3176 2553 3233 memoratur

453 3290 519 3353 in
585 3283 1105 3350 deliberationibus
1172 3291 1278 3347 art.
1349 3287 1468 3347 117
1542 3283 1608 3345 C.
1671 3283 1741 3347 G.
1800 3283 1896 3347 Fr.
1956 3284 2061 3347 ubi
2122 3284 2433 3349 Tronchet
2494 3282 2547 3367 ¹)

457 3402 876 3469 animadvertit
919 3400 1384 3464 ordonnantium
1429 3401 1569 3463 anni
1619 3403 1783 3463 1731
1830 3422 2079 3464 uxorem
2115 3407 2314 3465 vetare
2360 3403 2553 3466 dona-

454 3522 682 3586 tionem
732 3518 994 3603 accipere
1050 3516 1176 3578 sine
1218 3516 1419 3578 mariti
1474 3537 1788 3594 consensu,
1847 3516 1989 3600 quia
2044 3516 2296 3580 interest
2338 3519 2547 3583 mariti

457 3661 692 3705 causam
759 3634 1099 3699 donationis
1166 3654 1534 3717 cognoscere.
1616 3633 1819 3698 Etiam
1894 3634 2246 3699 donationes
2334 3637 2551 3701 condi-

457 3755 722 3823 tionibus
767 3752 995 3817 onerari
1047 3754 1298 3835 possunt
1311 3798 1328 3826 ‚
1374 3770 1523 3831 quae
1567 3750 1745 3811 uxori
1789 3756 2093 3814 nocerent.

541 3876 640 3939 Ex
698 3879 804 3937 art.
865 3874 1031 3934 1835
1094 3890 1247 3931 uxor
1313 3867 1683 3931 mandataria
1746 3873 1945 3953 potest
2009 3868 2151 3953 eligi
2217 3869 2322 3932 sed
2390 3872 2555 3935 idem

460 3992 746 4058 articulus
810 3988 1037 4053 nullam
1104 3986 1281 4049 aliam
1340 3984 1637 4048 actionem
1717 3985 2024 4049 mandanti
2094 3985 2197 4049 dat
2241 4011 2252 4049 :
2320 4014 2353 4043 υ
2372 3993 2555 4072 tegen

464 4140 496 4171 ιι
514 4108 856 4197 getrouwde
903 4125 1180 4169 vrouwen
1221 4102 1316 4164 die
1360 4101 1576 4164 zonder
1618 4102 1957 4187 magtiging
1998 4101 2171 4165 harer
2212 4125 2384 4166 mans
2440 4104 2559 4167 den

557 4258 602 4345 ¹)
644 4267 940 4333 Poncelet,
990 4284 1041 4320 ο.
1090 4262 1127 4319 l.
1175 4261 1252 4317 H.
1307 4263 1444 4316 150.
