<?xml version="1.0" encoding="UTF-8"?>
<!DOCTYPE html PUBLIC "-//W3C//DTD XHTML 1.0 Transitional//EN"
    "http://www.w3.org/TR/xhtml1/DTD/xhtml1-transitional.dtd">
<html xmlns="http://www.w3.org/1999/xhtml" xml:lang="en" lang="en">
 <head>
  <title>
</title>
<meta http-equiv="Content-Type" content="text/html;charset=utf-8" />
  <meta name='ocr-system' content='tesseract 3.04.00' />
  <meta name='ocr-capabilities' content='ocr_page ocr_carea ocr_par ocr_line ocrx_word'/>
</head>
<body>
  <div class='ocr_page' id='page_1' title='image "./adtitulumvilibr00noorgoog_0018.png"; bbox 0 0 2788 5114; ppageno 0'>
   <div class='ocr_carea' id='block_1_1' title="bbox 1256 348 1292 405">
    <p class='ocr_par' dir='ltr' id='par_1_1' title="bbox 1256 348 1292 405">
     <span class='ocr_line' id='line_1_1' title="bbox 1256 348 1292 405; baseline 0 -2"><span class='ocrx_word' id='word_1_1' title='bbox 1256 348 1292 405; x_wconf 87' lang='grc'><strong>9</strong></span> 
     </span>
    </p>
   </div>
   <div class='ocr_carea' id='block_1_2' title="bbox 225 512 2310 1414">
    <p class='ocr_par' dir='ltr' id='par_1_2' title="bbox 225 512 2310 1414">
     <span class='ocr_line' id='line_1_2' title="bbox 227 512 2309 580; baseline -0.001 -3"><span class='ocrx_word' id='word_1_2' title='bbox 227 514 589 577; x_wconf 88' lang='lat' dir='ltr'>sententiam</span> <span class='ocrx_word' id='word_1_3' title='bbox 619 513 861 578; x_wconf 76' lang='lat' dir='ltr'><strong>deducit</strong></span> <span class='ocrx_word' id='word_1_4' title='bbox 902 537 976 578; x_wconf 86' lang='lat' dir='ltr'>ex</span> <span class='ocrx_word' id='word_1_5' title='bbox 1021 517 1316 580; x_wconf 88' lang='lat' dir='ltr'>sententia</span> <span class='ocrx_word' id='word_1_6' title='bbox 1365 515 1679 579; x_wconf 86' lang='lat' dir='ltr'>tribunalis</span> <span class='ocrx_word' id='word_1_7' title='bbox 1738 512 2309 579; x_wconf 85' lang='lat' dir='ltr'>Amstelodamensis</span> 
     </span>
     <span class='ocr_line' id='line_1_3' title="bbox 225 627 2305 715; baseline -0.001 -22"><span class='ocrx_word' id='word_1_8' title='bbox 225 629 356 693; x_wconf 85' lang='lat' dir='ltr'>lata</span> <span class='ocrx_word' id='word_1_9' title='bbox 393 629 487 692; x_wconf 81' lang='lat' dir='ltr'>die</span> <span class='ocrx_word' id='word_1_10' title='bbox 520 633 600 693; x_wconf 88' lang='lat'>16</span> <span class='ocrx_word' id='word_1_11' title='bbox 631 630 804 715; x_wconf 84' lang='lat' dir='ltr'>April</span> <span class='ocrx_word' id='word_1_12' title='bbox 828 633 992 695; x_wconf 83' lang='lat'>1839</span> <span class='ocrx_word' id='word_1_13' title='bbox 1032 629 1098 715; x_wconf 77' lang='grc'>8).</span> <span class='ocrx_word' id='word_1_14' title='bbox 1137 631 1333 695; x_wconf 90' lang='lat' dir='ltr'>Nobis</span> <span class='ocrx_word' id='word_1_15' title='bbox 1371 636 1579 695; x_wconf 84' lang='lat' dir='ltr'>contra</span> <span class='ocrx_word' id='word_1_16' title='bbox 1609 630 1927 694; x_wconf 83' lang='lat' dir='ltr'>discrimen</span> <span class='ocrx_word' id='word_1_17' title='bbox 1967 627 2305 692; x_wconf 83' lang='lat' dir='ltr'>faciendum</span> 
     </span>
     <span class='ocr_line' id='line_1_4' title="bbox 228 744 2307 831; baseline -0.001 -22"><span class='ocrx_word' id='word_1_18' title='bbox 228 745 472 809; x_wconf 85' lang='lat' dir='ltr'>videtur</span> <span class='ocrx_word' id='word_1_19' title='bbox 511 746 668 810; x_wconf 87' lang='lat' dir='ltr'>inter</span> <span class='ocrx_word' id='word_1_20' title='bbox 710 746 1040 811; x_wconf 87' lang='lat' dir='ltr'>subsidium</span> <span class='ocrx_word' id='word_1_21' title='bbox 1080 746 1326 831; x_wconf 83' lang='lat' dir='ltr'>hujusce</span> <span class='ocrx_word' id='word_1_22' title='bbox 1369 746 1607 810; x_wconf 78' lang='lat' dir='ltr'>articuli</span> <span class='ocrx_word' id='word_1_23' title='bbox 1650 750 1712 808; x_wconf 91' lang='lat' dir='ltr'>et</span> <span class='ocrx_word' id='word_1_24' title='bbox 1754 744 1915 829; x_wconf 91' lang='lat' dir='ltr'>quod</span> <span class='ocrx_word' id='word_1_25' title='bbox 1957 745 2024 807; x_wconf 92' lang='lat' dir='ltr'>in</span> <span class='ocrx_word' id='word_1_26' title='bbox 2061 765 2307 829; x_wconf 86' lang='lat' dir='ltr'>sequen—</span> 
     </span>
     <span class='ocr_line' id='line_1_5' title="bbox 226 859 2310 933; baseline 0 -10"><span class='ocrx_word' id='word_1_27' title='bbox 226 859 394 923; x_wconf 80' lang='lat' dir='ltr'>tibus</span> <span class='ocrx_word' id='word_1_28' title='bbox 435 860 753 925; x_wconf 83' lang='lat' dir='ltr'>invenitur.</span> <span class='ocrx_word' id='word_1_29' title='bbox 801 861 982 933; x_wconf 81' lang='lat' dir='ltr'>Quod</span> <span class='ocrx_word' id='word_1_30' title='bbox 1039 861 1113 924; x_wconf 89' lang='lat' dir='ltr'>ad</span> <span class='ocrx_word' id='word_1_31' title='bbox 1163 860 1445 924; x_wconf 87' lang='lat' dir='ltr'>ultimum</span> <span class='ocrx_word' id='word_1_32' title='bbox 1488 867 1549 925; x_wconf 91' lang='lat' dir='ltr'>et</span> <span class='ocrx_word' id='word_1_33' title='bbox 1589 860 1763 924; x_wconf 90' lang='lat' dir='ltr'>nobis</span> <span class='ocrx_word' id='word_1_34' title='bbox 1806 860 2083 924; x_wconf 88' lang='lat' dir='ltr'>videntur</span> <span class='ocrx_word' id='word_1_35' title='bbox 2133 859 2310 924; x_wconf 85' lang='lat' dir='ltr'>verba</span> 
     </span>
     <span class='ocr_line' id='line_1_6' title="bbox 227 976 2305 1065; baseline 0 -26"><span class='ocrx_word' id='word_1_36' title='bbox 227 978 504 1065; x_wconf 53' lang='lat' dir='ltr'>bg&#39;jstand</span> <span class='ocrx_word' id='word_1_37' title='bbox 535 984 596 1043; x_wconf 88' lang='lat' dir='ltr'>et</span> <span class='ocrx_word' id='word_1_38' title='bbox 636 980 957 1062; x_wconf 71' lang='lat' dir='ltr'>maqtiqiny</span> <span class='ocrx_word' id='word_1_39' title='bbox 987 978 1230 1041; x_wconf 90' lang='lat' dir='ltr'>eandem</span> <span class='ocrx_word' id='word_1_40' title='bbox 1250 977 1464 1041; x_wconf 85' lang='lat' dir='ltr'>habere</span> <span class='ocrx_word' id='word_1_41' title='bbox 1492 977 2017 1063; x_wconf 86' lang='lat' dir='ltr'>sigfinicationem,</span> <span class='ocrx_word' id='word_1_42' title='bbox 2045 976 2146 1040; x_wconf 89' lang='lat' dir='ltr'>hic</span> <span class='ocrx_word' id='word_1_43' title='bbox 2169 998 2305 1041; x_wconf 83' lang='lat' dir='ltr'>vero</span> 
     </span>
     <span class='ocr_line' id='line_1_7' title="bbox 231 1093 2306 1180; baseline -0 -23"><span class='ocrx_word' id='word_1_44' title='bbox 231 1094 479 1158; x_wconf 86' lang='lat' dir='ltr'>verbum</span> <span class='ocrx_word' id='word_1_45' title='bbox 521 1096 729 1159; x_wconf 87' lang='lat' dir='ltr'>morali</span> <span class='ocrx_word' id='word_1_46' title='bbox 773 1101 1008 1159; x_wconf 88' lang='lat' dir='ltr'>tant-um</span> <span class='ocrx_word' id='word_1_47' title='bbox 1054 1118 1229 1159; x_wconf 93' lang='lat' dir='ltr'>sensu</span> <span class='ocrx_word' id='word_1_48' title='bbox 1274 1094 1684 1180; x_wconf 88' lang='lat' dir='ltr'>accipiendum</span> <span class='ocrx_word' id='word_1_49' title='bbox 1723 1101 1813 1157; x_wconf 89' lang='lat' dir='ltr'>est</span> <span class='ocrx_word' id='word_1_50' title='bbox 1851 1094 2013 1179; x_wconf 91' lang='lat' dir='ltr'>quod</span> <span class='ocrx_word' id='word_1_51' title='bbox 2056 1115 2131 1157; x_wconf 82' lang='lat' dir='ltr'>ex</span> <span class='ocrx_word' id='word_1_52' title='bbox 2166 1093 2306 1156; x_wconf 89' lang='lat' dir='ltr'>inde</span> 
     </span>
     <span class='ocr_line' id='line_1_8' title="bbox 228 1210 2302 1297; baseline -0.001 -22"><span class='ocrx_word' id='word_1_53' title='bbox 228 1217 474 1297; x_wconf 87' lang='lat' dir='ltr'>apparet</span> <span class='ocrx_word' id='word_1_54' title='bbox 513 1212 676 1297; x_wconf 90' lang='lat' dir='ltr'>quod</span> <span class='ocrx_word' id='word_1_55' title='bbox 718 1212 1048 1275; x_wconf 85' lang='lat' dir='ltr'>subsidium</span> <span class='ocrx_word' id='word_1_56' title='bbox 1093 1212 1166 1276; x_wconf 88' lang='lat' dir='ltr'>ab</span> <span class='ocrx_word' id='word_1_57' title='bbox 1220 1219 1473 1297; x_wconf 85' lang='lat' dir='ltr'>utraque</span> <span class='ocrx_word' id='word_1_58' title='bbox 1529 1217 1697 1297; x_wconf 86' lang='lat' dir='ltr'>parte</span> <span class='ocrx_word' id='word_1_59' title='bbox 1757 1211 2001 1275; x_wconf 90' lang='lat' dir='ltr'>debetur</span> <span class='ocrx_word' id='word_1_60' title='bbox 2014 1262 2030 1289; x_wconf 88' lang='lat'>,</span> <span class='ocrx_word' id='word_1_61' title='bbox 2080 1210 2302 1287; x_wconf 13' lang='lat' dir='ltr'>*mulier</span> 
     </span>
     <span class='ocr_line' id='line_1_9' title="bbox 225 1328 1785 1414; baseline 0 -23"><span class='ocrx_word' id='word_1_62' title='bbox 225 1329 393 1391; x_wconf 90' lang='lat' dir='ltr'>enim</span> <span class='ocrx_word' id='word_1_63' title='bbox 433 1350 539 1413; x_wconf 87' lang='lat' dir='ltr'>pro</span> <span class='ocrx_word' id='word_1_64' title='bbox 582 1328 797 1392; x_wconf 87' lang='lat' dir='ltr'>marito</span> <span class='ocrx_word' id='word_1_65' title='bbox 837 1328 904 1391; x_wconf 91' lang='lat' dir='ltr'>in</span> <span class='ocrx_word' id='word_1_66' title='bbox 936 1329 1169 1413; x_wconf 89' lang='lat' dir='ltr'>judicio</span> <span class='ocrx_word' id='word_1_67' title='bbox 1214 1333 1368 1393; x_wconf 85' lang='lat' dir='ltr'>stare</span> <span class='ocrx_word' id='word_1_68' title='bbox 1410 1350 1532 1391; x_wconf 88' lang='lat' dir='ltr'>non</span> <span class='ocrx_word' id='word_1_69' title='bbox 1568 1333 1785 1414; x_wconf 89' lang='lat' dir='ltr'>potest.</span> 
     </span>
    </p>
   </div>
   <div class='ocr_carea' id='block_1_3' title="bbox 227 1565 2307 1928">
    <p class='ocr_par' dir='ltr' id='par_1_3' title="bbox 227 1565 2307 1928">
     <span class='ocr_line' id='line_1_10' title="bbox 227 1565 2307 1665; baseline -0.002 -24"><span class='ocrx_word' id='word_1_70' title='bbox 227 1566 394 1641; x_wconf 82' lang='lat' dir='ltr'>Art.</span> <span class='ocrx_word' id='word_1_71' title='bbox 452 1570 615 1640; x_wconf 84' lang='lat'><strong>159.</strong></span> <span class='ocrx_word' id='word_1_72' title='bbox 661 1566 774 1639; x_wconf 92' lang='lat' dir='ltr'>De</span> <span class='ocrx_word' id='word_1_73' title='bbox 802 1567 1336 1665; x_wconf 83' lang='lat' dir='ltr'>echtgenooten</span> <span class='ocrx_word' id='word_1_74' title='bbox 1380 1566 1791 1640; x_wconf 83' lang='lat' dir='ltr'>verbinden</span> <span class='ocrx_word' id='word_1_75' title='bbox 1816 1565 1973 1639; x_wconf 90' lang='lat' dir='ltr'>zich</span> <span class='ocrx_word' id='word_1_76' title='bbox 2011 1590 2188 1638; x_wconf 87' lang='lat' dir='ltr'>over</span> <span class='ocrx_word' id='word_1_77' title='bbox 2214 1588 2307 1637; x_wconf 90' lang='lat' dir='ltr'>en</span> 
     </span>
     <span class='ocr_line' id='line_1_11' title="bbox 339 1698 2307 1797; baseline -0.001 -26"><span class='ocrx_word' id='word_1_78' title='bbox 339 1699 582 1773; x_wconf 88' lang='lat' dir='ltr'>weder</span> <span class='ocrx_word' id='word_1_79' title='bbox 598 1756 617 1791; x_wconf 87' lang='lat'><strong><em>,</em></strong></span> <span class='ocrx_word' id='word_1_80' title='bbox 638 1699 823 1772; x_wconf 89' lang='lat' dir='ltr'>door</span> <span class='ocrx_word' id='word_1_81' title='bbox 843 1700 932 1774; x_wconf 91' lang='lat' dir='ltr'>de</span> <span class='ocrx_word' id='word_1_82' title='bbox 961 1702 1218 1774; x_wconf 85' lang='lat' dir='ltr'>enkele</span> <span class='ocrx_word' id='word_1_83' title='bbox 1239 1700 1431 1773; x_wconf 87' lang='lat' dir='ltr'>daad</span> <span class='ocrx_word' id='word_1_84' title='bbox 1451 1700 1579 1773; x_wconf 89' lang='lat' dir='ltr'>des</span> <span class='ocrx_word' id='word_1_85' title='bbox 1608 1699 1993 1797; x_wconf 88' lang='lat' dir='ltr'>huwelijks</span> <span class='ocrx_word' id='word_1_86' title='bbox 2012 1755 2030 1790; x_wconf 91' lang='lat'>,</span> <span class='ocrx_word' id='word_1_87' title='bbox 2056 1698 2307 1771; x_wconf 92' lang='lat' dir='ltr'>hunne</span> 
     </span>
     <span class='ocr_line' id='line_1_12' title="bbox 336 1828 2093 1928; baseline -0.003 -24"><span class='ocrx_word' id='word_1_88' title='bbox 336 1831 691 1905; x_wconf 87' lang='lat' dir='ltr'>kinderen</span> <span class='ocrx_word' id='word_1_89' title='bbox 725 1842 802 1904; x_wconf 91' lang='lat' dir='ltr'>te</span> <span class='ocrx_word' id='word_1_90' title='bbox 837 1830 1370 1917; x_wconf 87' lang='lat' dir='ltr'>onderhouden</span> <span class='ocrx_word' id='word_1_91' title='bbox 1410 1857 1498 1905; x_wconf 91' lang='lat' dir='ltr'>en</span> <span class='ocrx_word' id='word_1_92' title='bbox 1536 1856 1631 1928; x_wconf 90' lang='lat' dir='ltr'>op</span> <span class='ocrx_word' id='word_1_93' title='bbox 1668 1840 1745 1903; x_wconf 88' lang='lat' dir='ltr'>te</span> <span class='ocrx_word' id='word_1_94' title='bbox 1786 1828 2093 1902; x_wconf 88' lang='lat' dir='ltr'>Voeden.</span> 
     </span>
    </p>
   </div>
   <div class='ocr_carea' id='block_1_4' title="bbox 229 2062 2311 3777">
    <p class='ocr_par' dir='ltr' id='par_1_4' title="bbox 229 2062 2309 3057">
     <span class='ocr_line' id='line_1_13' title="bbox 323 2062 2309 2149; baseline -0.003 -22"><span class='ocrx_word' id='word_1_95' title='bbox 323 2064 527 2128; x_wconf 91' lang='lat' dir='ltr'>Primo</span> <span class='ocrx_word' id='word_1_96' title='bbox 571 2063 853 2149; x_wconf 85' lang='lat' dir='ltr'>adspectu</span> <span class='ocrx_word' id='word_1_97' title='bbox 895 2062 997 2127; x_wconf 92' lang='lat' dir='ltr'>hic</span> <span class='ocrx_word' id='word_1_98' title='bbox 1040 2063 1328 2127; x_wconf 78' lang='lat' dir='ltr'>articulus</span> <span class='ocrx_word' id='word_1_99' title='bbox 1371 2064 1610 2127; x_wconf 87' lang='lat' dir='ltr'>videtur</span> <span class='ocrx_word' id='word_1_100' title='bbox 1652 2062 1811 2126; x_wconf 90' lang='lat' dir='ltr'>idem</span> <span class='ocrx_word' id='word_1_101' title='bbox 1862 2062 2197 2147; x_wconf 83' lang='lat' dir='ltr'>significare</span> <span class='ocrx_word' id='word_1_102' title='bbox 2239 2080 2309 2122; x_wconf 86' lang='lat' dir='ltr'>ac</span> 
     </span>
     <span class='ocr_line' id='line_1_14' title="bbox 229 2174 2309 2264; baseline -0.004 -20"><span class='ocrx_word' id='word_1_103' title='bbox 229 2186 344 2244; x_wconf 87' lang='lat' dir='ltr'>art.</span> <span class='ocrx_word' id='word_1_104' title='bbox 413 2183 536 2244; x_wconf 78' lang='lat'>203</span> <span class='ocrx_word' id='word_1_105' title='bbox 605 2179 752 2243; x_wconf 84' lang='lat' dir='ltr'>Ood.</span> <span class='ocrx_word' id='word_1_106' title='bbox 813 2180 970 2264; x_wconf 87' lang='lat' dir='ltr'>Nap.</span> <span class='ocrx_word' id='word_1_107' title='bbox 1033 2185 1094 2241; x_wconf 90' lang='lat' dir='ltr'>et</span> <span class='ocrx_word' id='word_1_108' title='bbox 1141 2180 1243 2263; x_wconf 86' lang='lat' dir='ltr'>jus</span> <span class='ocrx_word' id='word_1_109' title='bbox 1299 2178 1620 2242; x_wconf 87' lang='lat' dir='ltr'>liberorum</span> <span class='ocrx_word' id='word_1_110' title='bbox 1679 2179 1920 2242; x_wconf 83' lang='lat' dir='ltr'>definire</span> <span class='ocrx_word' id='word_1_111' title='bbox 1977 2174 2309 2259; x_wconf 86' lang='lat' dir='ltr'>quaerendo</span> 
     </span>
     <span class='ocr_line' id='line_1_15' title="bbox 231 2293 2309 2380; baseline -0.002 -21"><span class='ocrx_word' id='word_1_112' title='bbox 231 2296 518 2359; x_wconf 84' lang='lat' dir='ltr'>alimenta</span> <span class='ocrx_word' id='word_1_113' title='bbox 559 2318 594 2357; x_wconf 92' lang='lat' dir='ltr'>a</span> <span class='ocrx_word' id='word_1_114' title='bbox 635 2294 992 2380; x_wconf 73' lang='lat' dir='ltr'>parentibus</span> <span class='ocrx_word' id='word_1_115' title='bbox 1037 2295 1126 2357; x_wconf 88' lang='lat' dir='ltr'>At</span> <span class='ocrx_word' id='word_1_116' title='bbox 1169 2294 1534 2378; x_wconf 81' lang='lat' dir='ltr'>significatio</span> <span class='ocrx_word' id='word_1_117' title='bbox 1579 2295 1751 2380; x_wconf 85' lang='lat' dir='ltr'>plane</span> <span class='ocrx_word' id='word_1_118' title='bbox 1788 2293 1903 2356; x_wconf 85' lang='lat' dir='ltr'>alia</span> <span class='ocrx_word' id='word_1_119' title='bbox 1943 2299 2058 2369; x_wconf 90' lang='lat' dir='ltr'>est,</span> <span class='ocrx_word' id='word_1_120' title='bbox 2100 2313 2309 2375; x_wconf 84' lang='lat' dir='ltr'><strong>nempe</strong></span> 
     </span>
     <span class='ocr_line' id='line_1_16' title="bbox 231 2408 2309 2496; baseline -0.002 -19"><span class='ocrx_word' id='word_1_121' title='bbox 231 2436 393 2477; x_wconf 90' lang='lat' dir='ltr'>unus</span> <span class='ocrx_word' id='word_1_122' title='bbox 459 2412 679 2496; x_wconf 86' lang='lat' dir='ltr'>conjux</span> <span class='ocrx_word' id='word_1_123' title='bbox 743 2409 817 2474; x_wconf 88' lang='lat' dir='ltr'>ab</span> <span class='ocrx_word' id='word_1_124' title='bbox 884 2409 1068 2473; x_wconf 83' lang='lat' dir='ltr'>altero</span> <span class='ocrx_word' id='word_1_125' title='bbox 1130 2416 1329 2495; x_wconf 91' lang='lat' dir='ltr'>potest</span> <span class='ocrx_word' id='word_1_126' title='bbox 1393 2410 1692 2495; x_wconf 85' lang='lat' dir='ltr'>postulare</span> <span class='ocrx_word' id='word_1_127' title='bbox 1765 2414 1835 2472; x_wconf 92' lang='lat' dir='ltr'>ut</span> <span class='ocrx_word' id='word_1_128' title='bbox 1900 2430 2020 2471; x_wconf 86' lang='lat' dir='ltr'>una</span> <span class='ocrx_word' id='word_1_129' title='bbox 2082 2408 2309 2473; x_wconf 83' lang='lat' dir='ltr'>faciant</span> 
     </span>
     <span class='ocr_line' id='line_1_17' title="bbox 232 2523 2308 2610; baseline -0.003 -17"><span class='ocrx_word' id='word_1_130' title='bbox 232 2532 470 2593; x_wconf 78' lang='lat' dir='ltr'>sumtus</span> <span class='ocrx_word' id='word_1_131' title='bbox 514 2525 822 2590; x_wconf 88' lang='lat' dir='ltr'>educandi.</span> <span class='ocrx_word' id='word_1_132' title='bbox 855 2523 1110 2589; x_wconf 88' lang='lat' dir='ltr'>Duobus</span> <span class='ocrx_word' id='word_1_133' title='bbox 1141 2526 1509 2610; x_wconf 84' lang='lat' dir='ltr'>argumentis</span> <span class='ocrx_word' id='word_1_134' title='bbox 1528 2525 1740 2589; x_wconf 82' lang='lat' dir='ltr'>haecce</span> <span class='ocrx_word' id='word_1_135' title='bbox 1761 2523 2056 2590; x_wconf 87' lang='lat' dir='ltr'>sententia</span> <span class='ocrx_word' id='word_1_136' title='bbox 2074 2524 2308 2588; x_wconf 89' lang='lat' dir='ltr'>nititur.</span> 
     </span>
     <span class='ocr_line' id='line_1_18' title="bbox 232 2638 2307 2727; baseline -0.001 -21"><span class='ocrx_word' id='word_1_137' title='bbox 232 2643 468 2720; x_wconf 87' lang='lat' dir='ltr'>Prim0‚</span> <span class='ocrx_word' id='word_1_138' title='bbox 502 2641 664 2727; x_wconf 91' lang='lat' dir='ltr'>quod</span> <span class='ocrx_word' id='word_1_139' title='bbox 706 2640 868 2704; x_wconf 87' lang='lat' dir='ltr'>hunc</span> <span class='ocrx_word' id='word_1_140' title='bbox 889 2639 1208 2704; x_wconf 86' lang='lat' dir='ltr'>articulum</span> <span class='ocrx_word' id='word_1_141' title='bbox 1228 2641 1566 2704; x_wconf 82' lang='lat' dir='ltr'>invenimus</span> <span class='ocrx_word' id='word_1_142' title='bbox 1600 2641 1667 2702; x_wconf 91' lang='lat' dir='ltr'>in</span> <span class='ocrx_word' id='word_1_143' title='bbox 1694 2638 1903 2717; x_wconf 88' lang='lat' dir='ltr'>titulo,</span> <span class='ocrx_word' id='word_1_144' title='bbox 1935 2641 2040 2723; x_wconf 90' lang='lat' dir='ltr'>qui</span> <span class='ocrx_word' id='word_1_145' title='bbox 2070 2646 2307 2704; x_wconf 90' lang='lat' dir='ltr'>tantum</span> 
     </span>
     <span class='ocr_line' id='line_1_19' title="bbox 235 2755 2307 2844; baseline -0 -21"><span class='ocrx_word' id='word_1_146' title='bbox 235 2760 310 2824; x_wconf 89' lang='lat' dir='ltr'>de</span> <span class='ocrx_word' id='word_1_147' title='bbox 344 2759 578 2844; x_wconf 86' lang='lat' dir='ltr'>juribus</span> <span class='ocrx_word' id='word_1_148' title='bbox 623 2759 946 2843; x_wconf 87' lang='lat' dir='ltr'>conjugum</span> <span class='ocrx_word' id='word_1_149' title='bbox 988 2766 1048 2821; x_wconf 88' lang='lat' dir='ltr'>et</span> <span class='ocrx_word' id='word_1_150' title='bbox 1091 2758 1304 2821; x_wconf 86' lang='lat' dir='ltr'>officiis</span> <span class='ocrx_word' id='word_1_151' title='bbox 1347 2761 1569 2821; x_wconf 87' lang='lat' dir='ltr'>tractat</span> <span class='ocrx_word' id='word_1_152' title='bbox 1597 2763 1658 2820; x_wconf 90' lang='lat' dir='ltr'>et</span> <span class='ocrx_word' id='word_1_153' title='bbox 1685 2755 1913 2819; x_wconf 88' lang='lat' dir='ltr'>nullam</span> <span class='ocrx_word' id='word_1_154' title='bbox 1942 2759 2307 2822; x_wconf 89' lang='lat' dir='ltr'>mentionem</span> 
     </span>
     <span class='ocr_line' id='line_1_20' title="bbox 231 2873 2309 2960; baseline 0 -22"><span class='ocrx_word' id='word_1_155' title='bbox 231 2875 382 2939; x_wconf 87' lang='lat' dir='ltr'>facit</span> <span class='ocrx_word' id='word_1_156' title='bbox 423 2897 626 2939; x_wconf 90' lang='lat' dir='ltr'>eorum</span> <span class='ocrx_word' id='word_1_157' title='bbox 643 2926 658 2954; x_wconf 89' lang='lat'>‚</span> <span class='ocrx_word' id='word_1_158' title='bbox 701 2897 852 2960; x_wconf 89' lang='lat' dir='ltr'>quae</span> <span class='ocrx_word' id='word_1_159' title='bbox 901 2875 968 2938; x_wconf 92' lang='lat' dir='ltr'>in</span> <span class='ocrx_word' id='word_1_160' title='bbox 1004 2898 1102 2939; x_wconf 93' lang='lat' dir='ltr'>eos</span> <span class='ocrx_word' id='word_1_161' title='bbox 1140 2875 1355 2939; x_wconf 88' lang='lat' dir='ltr'>tertius</span> <span class='ocrx_word' id='word_1_162' title='bbox 1402 2873 1579 2939; x_wconf 90' lang='lat' dir='ltr'>habet</span> <span class='ocrx_word' id='word_1_163' title='bbox 1614 2879 1675 2936; x_wconf 91' lang='lat' dir='ltr'>et</span> <span class='ocrx_word' id='word_1_164' title='bbox 1717 2874 1977 2938; x_wconf 87' lang='lat' dir='ltr'>secundo</span> <span class='ocrx_word' id='word_1_165' title='bbox 1994 2924 2010 2952; x_wconf 92' lang='lat'>‚</span> <span class='ocrx_word' id='word_1_166' title='bbox 2055 2873 2309 2938; x_wconf 86' lang='lat' dir='ltr'>historia</span> 
     </span>
     <span class='ocr_line' id='line_1_21' title="bbox 230 2993 489 3057; baseline 0 -1"><span class='ocrx_word' id='word_1_167' title='bbox 230 2993 489 3057; x_wconf 87' lang='lat' dir='ltr'>articuli.</span> 
     </span>
    </p>

    <p class='ocr_par' dir='ltr' id='par_1_5' title="bbox 231 3104 2311 3777">
     <span class='ocr_line' id='line_1_22' title="bbox 323 3104 2309 3194; baseline -0.001 -22"><span class='ocrx_word' id='word_1_168' title='bbox 323 3109 505 3194; x_wconf 87' lang='lat' dir='ltr'>Apud</span> <span class='ocrx_word' id='word_1_169' title='bbox 528 3108 847 3173; x_wconf 85' lang='lat' dir='ltr'>Voorduin</span> <span class='ocrx_word' id='word_1_170' title='bbox 870 3107 917 3190; x_wconf 93' lang='lat'>1)</span> <span class='ocrx_word' id='word_1_171' title='bbox 943 3106 1196 3192; x_wconf 88' lang='lat' dir='ltr'>legimus</span> <span class='ocrx_word' id='word_1_172' title='bbox 1216 3104 1574 3190; x_wconf 83' lang='lat' dir='ltr'>legislatoris</span> <span class='ocrx_word' id='word_1_173' title='bbox 1595 3106 1955 3191; x_wconf 87' lang='lat' dir='ltr'>principium</span> <span class='ocrx_word' id='word_1_174' title='bbox 1992 3127 2110 3190; x_wconf 92' lang='lat' dir='ltr'>quo</span> <span class='ocrx_word' id='word_1_175' title='bbox 2140 3111 2309 3170; x_wconf 90' lang='lat' dir='ltr'>ortus</span> 
     </span>
     <span class='ocr_line' id='line_1_23' title="bbox 231 3223 2311 3308; baseline -0.002 -15"><span class='ocrx_word' id='word_1_176' title='bbox 231 3229 317 3293; x_wconf 88' lang='lat' dir='ltr'>sit</span> <span class='ocrx_word' id='word_1_177' title='bbox 339 3228 642 3292; x_wconf 86' lang='lat' dir='ltr'>articulus.</span> <span class='ocrx_word' id='word_1_178' title='bbox 679 3254 712 3287; x_wconf 89' lang='grc' dir='ltr'>ιι</span> <span class='ocrx_word' id='word_1_179' title='bbox 730 3226 885 3291; x_wconf 89' lang='lat' dir='ltr'>L&#39;on</span> <span class='ocrx_word' id='word_1_180' title='bbox 922 3249 956 3288; x_wconf 91' lang='lat' dir='ltr'>a</span> <span class='ocrx_word' id='word_1_181' title='bbox 993 3225 1150 3289; x_wconf 90' lang='lat' dir='ltr'>suivi</span> <span class='ocrx_word' id='word_1_182' title='bbox 1186 3225 1266 3287; x_wconf 91' lang='lat' dir='ltr'>ici</span> <span class='ocrx_word' id='word_1_183' title='bbox 1304 3246 1389 3286; x_wconf 91' lang='lat' dir='ltr'>un</span> <span class='ocrx_word' id='word_1_184' title='bbox 1427 3230 1593 3288; x_wconf 86' lang='lat' dir='ltr'>autre</span> <span class='ocrx_word' id='word_1_185' title='bbox 1625 3224 1795 3288; x_wconf 87' lang='lat' dir='ltr'>ordre</span> <span class='ocrx_word' id='word_1_186' title='bbox 1836 3247 1951 3308; x_wconf 91' lang='lat' dir='ltr'>que</span> <span class='ocrx_word' id='word_1_187' title='bbox 1991 3223 2113 3287; x_wconf 82' lang='lat' dir='ltr'>l&#39;on</span> <span class='ocrx_word' id='word_1_188' title='bbox 2157 3226 2311 3290; x_wconf 86' lang='lat' dir='ltr'>croit</span> 
     </span>
     <span class='ocr_line' id='line_1_24' title="bbox 238 3337 2305 3430; baseline 0.001 -28"><span class='ocrx_word' id='word_1_189' title='bbox 238 3372 273 3402; x_wconf 86' lang='grc' dir='ltr'>ιι</span> <span class='ocrx_word' id='word_1_190' title='bbox 291 3343 429 3430; x_wconf 90' lang='lat' dir='ltr'>plus</span> <span class='ocrx_word' id='word_1_191' title='bbox 453 3343 876 3427; x_wconf 73' lang='lat' dir='ltr'>systematique</span> <span class='ocrx_word' id='word_1_192' title='bbox 898 3362 1012 3425; x_wconf 90' lang='lat' dir='ltr'>que</span> <span class='ocrx_word' id='word_1_193' title='bbox 1049 3337 1202 3402; x_wconf 89' lang='lat' dir='ltr'>celui</span> <span class='ocrx_word' id='word_1_194' title='bbox 1225 3339 1382 3402; x_wconf 84' lang='lat' dir='ltr'>snivi</span> <span class='ocrx_word' id='word_1_195' title='bbox 1420 3337 1565 3402; x_wconf 88' lang='lat' dir='ltr'>dans</span> <span class='ocrx_word' id='word_1_196' title='bbox 1586 3337 1669 3401; x_wconf 89' lang='lat' dir='ltr'>les</span> <span class='ocrx_word' id='word_1_197' title='bbox 1707 3339 1939 3402; x_wconf 88' lang='lat' dir='ltr'>articles</span> <span class='ocrx_word' id='word_1_198' title='bbox 1965 3344 2305 3407; x_wconf 77' lang='lat'>203—211</span> 
     </span>
     <span class='ocr_line' id='line_1_25' title="bbox 238 3439 2309 3540; baseline 0.001 -22"><span class='ocrx_word' id='word_1_199' title='bbox 238 3489 271 3519; x_wconf 88' lang='grc' dir='ltr'>ιι</span> <span class='ocrx_word' id='word_1_200' title='bbox 295 3461 380 3524; x_wconf 88' lang='lat' dir='ltr'>du</span> <span class='ocrx_word' id='word_1_201' title='bbox 423 3459 569 3523; x_wconf 89' lang='lat' dir='ltr'>code</span> <span class='ocrx_word' id='word_1_202' title='bbox 613 3456 822 3521; x_wconf 87' lang='lat' dir='ltr'>actuel.</span> <span class='ocrx_word' id='word_1_203' title='bbox 868 3455 966 3518; x_wconf 88' lang='lat' dir='ltr'>En</span> <span class='ocrx_word' id='word_1_204' title='bbox 1008 3457 1151 3519; x_wconf 89' lang='lat' dir='ltr'>effet</span> <span class='ocrx_word' id='word_1_205' title='bbox 1195 3477 1260 3518; x_wconf 89' lang='lat' dir='ltr'>ce</span> <span class='ocrx_word' id='word_1_206' title='bbox 1308 3455 1449 3518; x_wconf 88' lang='lat' dir='ltr'>titre</span> <span class='ocrx_word' id='word_1_207' title='bbox 1470 3439 1546 3518; x_wconf 84' lang='lat' dir='ltr'>ne</span> <span class='ocrx_word' id='word_1_208' title='bbox 1568 3456 1816 3519; x_wconf 86' lang='lat' dir='ltr'>traitant</span> <span class='ocrx_word' id='word_1_209' title='bbox 1858 3478 1972 3540; x_wconf 91' lang='lat' dir='ltr'>que</span> <span class='ocrx_word' id='word_1_210' title='bbox 1995 3456 2095 3519; x_wconf 89' lang='lat' dir='ltr'>des</span> <span class='ocrx_word' id='word_1_211' title='bbox 2120 3456 2309 3521; x_wconf 83' lang='lat' dir='ltr'>droits</span> 
     </span>
     <span class='ocr_line' id='line_1_26' title="bbox 236 3573 2309 3659; baseline 0.001 -23"><span class='ocrx_word' id='word_1_212' title='bbox 236 3606 270 3636; x_wconf 95' lang='grc' dir='ltr'>ιι</span> <span class='ocrx_word' id='word_1_213' title='bbox 293 3584 356 3642; x_wconf 94' lang='lat' dir='ltr'>et</span> <span class='ocrx_word' id='word_1_214' title='bbox 393 3577 625 3640; x_wconf 88' lang='lat' dir='ltr'>devoirs</span> <span class='ocrx_word' id='word_1_215' title='bbox 664 3576 763 3639; x_wconf 91' lang='lat' dir='ltr'>des</span> <span class='ocrx_word' id='word_1_216' title='bbox 807 3575 1004 3659; x_wconf 74' lang='lat' dir='ltr'>epoux</span> <span class='ocrx_word' id='word_1_217' title='bbox 1033 3595 1111 3636; x_wconf 89' lang='lat' dir='ltr'>on</span> <span class='ocrx_word' id='word_1_218' title='bbox 1156 3596 1191 3636; x_wconf 87' lang='lat' dir='ltr'>a</span> <span class='ocrx_word' id='word_1_219' title='bbox 1227 3573 1309 3636; x_wconf 89' lang='lat' dir='ltr'>du</span> <span class='ocrx_word' id='word_1_220' title='bbox 1351 3595 1414 3636; x_wconf 91' lang='lat' dir='ltr'>se</span> <span class='ocrx_word' id='word_1_221' title='bbox 1456 3573 1669 3637; x_wconf 85' lang='lat' dir='ltr'>borner</span> <span class='ocrx_word' id='word_1_222' title='bbox 1710 3576 1747 3636; x_wconf 75' lang='grc' dir='ltr'>ὲ.</span> <span class='ocrx_word' id='word_1_223' title='bbox 1791 3595 1857 3637; x_wconf 88' lang='grc'>00</span> <span class='ocrx_word' id='word_1_224' title='bbox 1891 3574 1996 3658; x_wconf 80' lang='lat' dir='ltr'>qui</span> <span class='ocrx_word' id='word_1_225' title='bbox 2038 3573 2122 3638; x_wconf 90' lang='lat' dir='ltr'>les</span> <span class='ocrx_word' id='word_1_226' title='bbox 2167 3597 2309 3638; x_wconf 88' lang='lat' dir='ltr'>con-</span> 
     </span>
     <span class='ocr_line' id='line_1_27' title="bbox 236 3691 2310 3777; baseline 0.002 -25"><span class='ocrx_word' id='word_1_227' title='bbox 236 3722 272 3752; x_wconf 93' lang='grc' dir='ltr'>ιι</span> <span class='ocrx_word' id='word_1_228' title='bbox 293 3714 468 3757; x_wconf 89' lang='lat' dir='ltr'>cerne</span> <span class='ocrx_word' id='word_1_229' title='bbox 509 3691 832 3756; x_wconf 89' lang='lat' dir='ltr'>seulement</span> <span class='ocrx_word' id='word_1_230' title='bbox 875 3697 936 3755; x_wconf 90' lang='lat' dir='ltr'>et</span> <span class='ocrx_word' id='word_1_231' title='bbox 977 3691 1125 3755; x_wconf 86' lang='lat' dir='ltr'>fixer</span> <span class='ocrx_word' id='word_1_232' title='bbox 1169 3692 1689 3775; x_wconf 72' lang='lat' dir='ltr'>consequemment</span> <span class='ocrx_word' id='word_1_233' title='bbox 1730 3713 1835 3775; x_wconf 88' lang='lat' dir='ltr'>par</span> <span class='ocrx_word' id='word_1_234' title='bbox 1874 3691 2023 3757; x_wconf 82' lang='lat' dir='ltr'>l&#39;art.</span> <span class='ocrx_word' id='word_1_235' title='bbox 2070 3695 2163 3757; x_wconf 61' lang='grc' dir='ltr'>1εΒΙΓ</span> <span class='ocrx_word' id='word_1_236' title='bbox 2201 3695 2310 3777; x_wconf 87' lang='grc'><strong>(1111</strong></span> 
     </span>
    </p>
   </div>
   <div class='ocr_carea' id='block_1_5' title="bbox 320 3935 2311 4111">
    <p class='ocr_par' dir='ltr' id='par_1_6' title="bbox 320 3935 2311 4111">
     <span class='ocr_line' id='line_1_28' title="bbox 320 3935 2311 4015; baseline 0.001 -21"><span class='ocrx_word' id='word_1_237' title='bbox 320 3936 367 4015; x_wconf 76' lang='lat'>⁸)</span> <span class='ocrx_word' id='word_1_238' title='bbox 411 3937 862 3994; x_wconf 86' lang='lat' dir='ltr'>Nederlandsche</span> <span class='ocrx_word' id='word_1_239' title='bbox 925 3935 1304 4012; x_wconf 84' lang='lat' dir='ltr'>Regtspraak,</span> <span class='ocrx_word' id='word_1_240' title='bbox 1366 3935 1508 3992; x_wconf 88' lang='lat' dir='ltr'>door</span> <span class='ocrx_word' id='word_1_241' title='bbox 1570 3935 1678 3993; x_wconf 84' lang='lat' dir='ltr'>Mr.</span> <span class='ocrx_word' id='word_1_242' title='bbox 1746 3935 1797 3993; x_wconf 88' lang='lat' dir='ltr'>J.</span> <span class='ocrx_word' id='word_1_243' title='bbox 1866 3935 1935 3992; x_wconf 87' lang='lat' dir='ltr'>A.</span> <span class='ocrx_word' id='word_1_244' title='bbox 2004 3935 2189 3993; x_wconf 81' lang='lat' dir='ltr'>Brocx</span> <span class='ocrx_word' id='word_1_245' title='bbox 2241 3957 2311 3995; x_wconf 90' lang='lat' dir='ltr'>en</span> 
     </span>
     <span class='ocr_line' id='line_1_29' title="bbox 407 4036 1168 4111; baseline 0 -17"><span class='ocrx_word' id='word_1_246' title='bbox 407 4038 458 4094; x_wconf 88' lang='lat' dir='ltr'>J.</span> <span class='ocrx_word' id='word_1_247' title='bbox 509 4037 570 4095; x_wconf 86' lang='lat' dir='ltr'>O.</span> <span class='ocrx_word' id='word_1_248' title='bbox 618 4038 806 4094; x_wconf 85' lang='lat' dir='ltr'>Stuart</span> <span class='ocrx_word' id='word_1_249' title='bbox 848 4036 962 4093; x_wconf 88' lang='lat' dir='ltr'>VII</span> <span class='ocrx_word' id='word_1_250' title='bbox 1003 4039 1025 4111; x_wconf 60' lang='grc' dir='ltr'><strong>ς</strong></span> <span class='ocrx_word' id='word_1_251' title='bbox 1073 4039 1168 4094; x_wconf 88' lang='grc'>39.</span> 
     </span>
    </p>
   </div>
   <div class='ocr_carea' id='block_1_6' title="bbox 323 4146 2314 4316">
    <p class='ocr_par' dir='ltr' id='par_1_7' title="bbox 323 4146 2314 4316">
     <span class='ocr_line' id='line_1_30' title="bbox 323 4146 2314 4225; baseline 0.001 -18"><span class='ocrx_word' id='word_1_252' title='bbox 323 4151 369 4225; x_wconf 89' lang='grc'>1)</span> <span class='ocrx_word' id='word_1_253' title='bbox 417 4148 812 4206; x_wconf 88' lang='lat' dir='ltr'>Geschiedenis</span> <span class='ocrx_word' id='word_1_254' title='bbox 866 4167 936 4206; x_wconf 87' lang='grc'>011</span> <span class='ocrx_word' id='word_1_255' title='bbox 993 4147 1328 4224; x_wconf 84' lang='lat' dir='ltr'>Beginselen</span> <span class='ocrx_word' id='word_1_256' title='bbox 1357 4146 1457 4204; x_wconf 87' lang='lat' dir='ltr'>der</span> <span class='ocrx_word' id='word_1_257' title='bbox 1485 4146 1939 4206; x_wconf 84' lang='lat' dir='ltr'>Nederlandsche</span> <span class='ocrx_word' id='word_1_258' title='bbox 1969 4149 2314 4208; x_wconf 88' lang='lat' dir='ltr'>Wetboeken</span> 
     </span>
     <span class='ocr_line' id='line_1_31' title="bbox 413 4245 1643 4316; baseline -0.002 -10"><span class='ocrx_word' id='word_1_259' title='bbox 413 4247 552 4308; x_wconf 85' lang='lat' dir='ltr'>door</span> <span class='ocrx_word' id='word_1_260' title='bbox 573 4248 678 4306; x_wconf 85' lang='lat' dir='ltr'>Mr.</span> <span class='ocrx_word' id='word_1_261' title='bbox 713 4248 762 4304; x_wconf 91' lang='lat' dir='ltr'>J.</span> <span class='ocrx_word' id='word_1_262' title='bbox 799 4247 859 4308; x_wconf 85' lang='lat' dir='ltr'>C.</span> <span class='ocrx_word' id='word_1_263' title='bbox 893 4247 1206 4316; x_wconf 82' lang='lat' dir='ltr'>Voorduin,</span> <span class='ocrx_word' id='word_1_264' title='bbox 1240 4245 1380 4304; x_wconf 89' lang='lat' dir='ltr'>Deel</span> <span class='ocrx_word' id='word_1_265' title='bbox 1409 4246 1469 4302; x_wconf 96' lang='lat' dir='ltr'>II</span> <span class='ocrx_word' id='word_1_266' title='bbox 1504 4249 1643 4304; x_wconf 78' lang='lat'>281.</span> 
     </span>
    </p>
   </div>
  </div>
 </body>
</html>
