2788 5114
1301 344 1379 405 :59

290 521 473 579 creat.
520 516 839 579 Rationem
881 515 1060 600 hujus
1103 518 1471 601 exceptionis
1512 517 1847 581 invenimus
1896 516 2052 602 apud
2102 516 2295 579 Locre
2326 516 2371 597 1)

286 632 441 715 quia
496 632 562 695 in
619 632 842 695 Codice
903 632 1341 717 Napoleontico
1399 634 1519 695 fere
1576 632 1734 695 idem
1792 636 1918 696 erat
1960 636 2376 716 praeceptum:

298 775 330 800 n
355 748 518 811 C'est
560 749 617 811 la
659 750 864 813 faveur
907 750 990 813 du
1033 772 1360 813 commerce
1402 750 1506 833 qui
1551 774 1585 812 a
1626 750 1737 813 fait
1772 749 2044 834 regarder
2079 747 2137 811 la
2164 749 2379 811 femme

297 889 332 915 rr
353 862 711 927 marchande
784 864 1066 950 publique
1089 916 1104 941 ‚
1179 886 1408 928 comme
1471 864 1907 949 independante
1973 864 2055 926 du
2127 863 2383 949 pouvoir

294 1006 330 1032 n
352 979 590 1043 marita]
613 1029 628 1057 ‚
647 980 810 1043 -dans
849 987 986 1044 tout
1017 1004 1082 1044 ce
1125 982 1229 1065 qui
1261 1004 1548 1045 concerne
1577 981 1662 1045 les
1706 982 2046 1067 operations
2092 1000 2380 1044 commer-

295 1126 331 1151 u
355 1098 533 1162 ciales
590 1098 800 1182 qu”elle
855 1100 982 1163 fait.
1028 1100 1183 1162 Sous
1228 1121 1294 1162 00
1336 1104 1615 1183 rapport,
1657 1098 1714 1161 le
1757 1098 1907 1162 mari
1950 1103 2095 1183 peut
2138 1096 2379 1161 devenir

295 1241 332 1268 n
352 1214 414 1277 la
457 1214 700 1277 cantion
743 1212 816 1275 de
859 1235 924 1275 sa
963 1213 1207 1289 femme,
1243 1212 1394 1274 mais
1437 1211 1483 1274 il
1527 1234 1683 1275 cesse
1727 1211 1911 1277 d'etre
1952 1234 2063 1275 son
2105 1214 2333 1275 11131110.
2344 1238 2376 1267 n

383 1332 462 1394 In
507 1338 616 1395 art.
663 1334 785 1393 220
832 1329 1074 1393 Codicis
1119 1326 1548 1415 Napoleontici
1594 1329 1803 1393 verba:
1864 1357 1895 1387 n
1914 1338 2037 1393 met
2100 1330 2381 1393 uitdruk-

297 1476 332 1505 n
355 1447 578 1531 kelijke
635 1448 702 1509 of
761 1445 1186 1530 stilzwiJgende
1243 1445 1667 1529 toestemming
1730 1467 1845 1508 van
1895 1444 2077 1508 haren
2141 1468 2279 1509 man
2302 1496 2319 1524 ‚
2348 1473 2379 1501 n

287 1584 423 1627 non
451 1561 904 1626 inveniebantur
919 1612 936 1637 ‚
970 1583 1119 1644 quae
1158 1566 1352 1624 tamen
1384 1560 1710 1645 legislatori
1748 1561 1815 1623 N
1816 1560 2147 1624 eerlandico
2178 1581 2380 1625 neces-

291 1680 454 1743 sario
519 1678 792 1742 addenda
853 1678 1230 1754 videbantur,
1289 1678 1432 1762 quia
1488 1678 1669 1741 tertio
1693 1728 1708 1754 ,
1768 1678 1872 1761 qui
1933 1700 2069 1740 cum
2134 1677 2382 1741 muliere

291 1798 526 1882 egerit,
572 1795 742 1859 valde
787 1795 1026 1859 difficile
1069 1800 1222 1857 esset
1237 1845 1252 1871 ‚
1312 1816 1643 1879 expressam
1701 1795 1903 1858 mariti
1965 1796 2386 1859 auctoritatem

292 1915 548 2001 probare
590 1936 769 1998 quam
811 1906 912 1976 hic
950 1910 1136 1976 celare
1169 1918 1371 1998 posset
1414 1919 1485 1977 ut
1522 1934 1647 1976 sese
1676 1912 1955 1976 liberaret
1992 1932 2121 1975 aere
2159 1912 2351 1975 alieno
2367 1961 2383 1987 ‚

293 2030 463 2116 quod
506 2054 580 2094 ex
622 2030 794 2095 bonis
839 2030 1253 2094 communibus
1296 2030 1448 2093 solvi
1493 2029 1729 2093 deberet
1770 2030 1837 2113 2).

394 2146 659 2217 Quinam
704 2151 902 2207 autem
933 2144 1112 2227 hujus
1148 2144 1385 2207 articuli
1424 2166 1630 2207 sensus
1667 2165 1736 2207 ac
1758 2143 1895 2206 finis
1922 2144 1948 2205 P
1978 2143 2137 2207 Fieri
2160 2146 2391 2209 scilicet

297 2268 531 2350 potest,
571 2268 643 2325 ut
685 2260 900 2325 mulier
915 2310 930 2337 ‚
975 2261 1190 2323 marito
1234 2266 1339 2323 aut
1383 2259 1517 2322 aliis
1566 2258 1913 2323 muneribus
1950 2259 2236 2343 fungente
2284 2267 2389 2326 aut

293 2377 436 2441 aliis
473 2376 667 2441 causis
710 2375 998 2461 impedito
1022 2425 1037 2451 ,
1081 2397 1201 2458 quo
1243 2375 1443 2437 minus
1472 2381 1865 2439 mercaturam
1903 2384 2073 2462 agat,
2094 2377 2159 2440 id
2182 2380 2387 2463 cupiat

295 2495 396 2560 vel
439 2494 640 2560 credat
692 2492 808 2557 hoc
874 2493 1051 2557 modo
1110 2493 1425 2559 facultates
1484 2496 1685 2580 augeri
1729 2518 1916 2582 posse.
1962 2498 2079 2562 Sed
2121 2499 2381 2584 primum

293 2617 664 2675 mercaturae
691 2611 1047 2694 requisitum
1063 2661 1077 2687 ‚
1110 2610 1376 2674 celeritas
1415 2633 1623 2696 nempe
1637 2663 1653 2689 ‚
1698 2633 1815 2696 qua
1850 2615 2009 2678 facta
2044 2616 2384 2700 indigeant,

297 2729 472 2794 valde
512 2729 898 2814 impediretur
913 2779 928 2807 ,
975 2729 1025 2792 si
1083 2729 1293 2812 quavis
1339 2730 1575 2792 actione
1618 2731 1817 2795 mariti
1882 2733 2167 2798 facultate
2224 2737 2383 2800 indi-

293 2853 500 2932 geret,
565 2853 626 2909 et
688 2847 961 2929 quamvis
976 2896 991 2923 ,
1056 2846 1159 2929 (1111
1229 2868 1365 2909 011111
1426 2846 1671 2910 muliere
1716 2855 1897 2933 agant
1912 2901 1926 2925 ,
1972 2873 2092 2914 non
2159 2874 2387 2937 semper

293 2985 432 3026 eam
474 2963 839 3046 requirerent
854 3013 868 3039 ‚
913 2961 1259 3046 exceptione
1311 2961 1609 3026 nullitatis
1671 2969 1869 3027 tamen
1912 2966 2115 3052 repelli
2158 2989 2387 3054 semper

292 3085 558 3166 possent.
628 3079 836 3142 Hocce
907 3077 1399 3162 impedimentum
1461 3077 1767 3164 legislator
1824 3079 1941 3144 hoc
1998 3083 2063 3145 in
2130 3084 2383 3148 articulo

292 3195 509 3261 tollere
553 3194 777 3270 voluit,
817 3193 1258 3279 praecipiend03
1305 3193 1613 3258 mulierem
1652 3196 1779 3259 sine
1802 3198 2002 3262 mariti
2026 3200 2384 3264 auctoritate

293 3333 426 3376 sese
490 3309 752 3394 obligare
794 3331 965 3394 posse
1008 3309 1073 3370 in
1117 3307 1421 3386 omnibus»,
1463 3332 1613 3392 quae
1672 3310 1747 3374 ad
1805 3320 2196 3377 mercaturam
2241 3317 2383 3378 atti-

293 3432 498 3490 neant.
557 3426 763 3496 Quum
807 3429 1150 3488 contractus
1193 3424 1478 3510 probatur
1514 3448 1583 3488 eo
1626 3447 1749 3490 non
1776 3429 2069 3512 pertinere
2112 3432 2383 3516 exceptio

293 3542 539 3608 tollitur
583 3549 643 3606 et
678 3541 882 3626 regula
925 3541 1098 3604 valet.

387 3660 698 3730 Quaenam
756 3664 953 3722 autem
1011 3664 1154 3721 sunt
1209 3659 1583 3722 mercatrices
1627 3660 1949 3745 publicae?
1998 3664 2129 3726 Art.
2179 3667 2217 3725 2
2262 3665 2383 3728 Co-

291 3776 454 3841 dicis
498 3775 747 3838 Mercat.
793 3774 990 3838 Neerl.
1035 3773 1152 3837 hoc
1196 3775 1433 3838 definit:
1486 3801 1517 3832 υ
1538 3775 1913 3860 Kooplieden
1946 3783 2065 3862 zijn
2096 3779 2382 3864 diegencn

297 3921 332 3952 n
358 3892 542 3956 welke
599 3891 791 3954 daden
849 3913 964 3954 van
1022 3889 1400 3975 koophandel
1463 3892 1799 3956 uitoefenen
1836 3915 1910 3956 en
1957 3894 2211 3959 daarvan
2256 3894 2379 3960 hun

381 4129 430 4210 1)
476 4153 527 4191 0.
574 4134 610 4190 1.
658 4134 748 4190 ΠΙ
789 4137 925 4190 506.

383 4266 430 4341 ’3)
476 4266 558 4323 Cf.
610 4267 805 4332 Asser‚
855 4285 905 4321 0.
953 4265 987 4321 l.
1042 4267 1134 4324 71.
