2788 5114
1527 346 1607 402 :56

523 512 750 596 partem
794 510 1132 595 litigantem
1177 511 1272 575 liti
1317 512 1713 577 immiscendo
1758 535 1912 589 sese,
1956 535 2077 576 non
2134 534 2352 575 novam
2416 532 2616 575 creare

522 625 692 691 litem
761 626 922 711 quod
977 626 1104 711 jam
1171 632 1368 711 aperte
1435 634 1674 713 apparet
1739 651 1813 691 ex
1872 627 2063 691 verbis
2120 653 2131 690 :
2198 629 2333 689 ziela
2396 651 2614 709 voeyen

523 743 591 805 in
657 745 755 805 heb
823 744 1056 825 qedinq.
1147 743 1331 807 Ratio
1406 743 1553 828 legis
1635 744 1875 829 insuper
1956 744 2268 807 confirmat
2342 748 2615 807 nostram
2675 740 2677 749 ἶ

525 860 898 923 sententiam.
952 859 1292 944 Legislator
1345 859 1779 923 Neerlandicus
1818 860 2002 938 enim,
2048 860 2337 924 abolendo
2379 865 2614 945 partem
2675 920 2677 923 ,

525 976 761 1039 civilem
799 977 954 1060 juris
997 976 1282 1050 francici,
1352 982 1550 1040 tamen
1567 1026 1582 1054 ‚
1648 982 1719 1040 ut
1761 977 2056 1041 sumtibus
2099 984 2364 1062 parceret
2381 1028 2397 1054 ‚
2470 1000 2617 1040 con-

526 1092 716 1170 cedit,
771 1093 1006 1155 actione
1051 1092 1122 1155 de
1168 1093 1384 1155 damno
1429 1093 1801 1156 resarciendo
1855 1099 2075 1156 certam
2118 1093 2401 1177 pecuniae
2450 1116 2615 1156 sum-
2675 1070 2677 1075 .

527 1231 684 1271 mam
722 1231 843 1271 non
888 1215 1200 1293 superante
1218 1259 1232 1285 ,
1259 1208 1426 1272 illam
1454 1231 1625 1293 posse
1660 1209 1991 1272 immiscere
2018 1209 2115 1272 liti
2146 1215 2207 1272 et
2242 1214 2391 1272 tunc
2430 1232 2615 1272 unam
2675 1218 2677 1259 ;

525 1330 764 1387 tantum
808 1324 976 1388 litem
1021 1326 1287 1389 existere.
1334 1326 1485 1389 Eam
1531 1327 1827 1389 actionem
1875 1326 2108 1390 civilem
2165 1328 2406 1413 insuper
2472 1350 2613 1413 poe-

527 1441 649 1505 nali
709 1442 944 1506 subesse
988 1446 1047 1506 et
1091 1442 1268 1526 hujus
1310 1448 1538 1528 partem
1583 1466 1708 1506 esse
1751 1449 1916 1529 patet
1970 1466 2043 1507 ex
2102 1450 2209 1508 art.
2274 1449 2399 1509 246
2462 1446 2610 1509 Cod.

527 1559 598 1622 de
646 1558 836 1623 Meth.
882 1559 948 1621 in
985 1559 1159 1622 Caus,
1199 1559 1381 1623 Crim.
1423 1560 1747 1623 secundum
1780 1581 1963 1645 quum
1994 1567 2055 1624 et
2082 1562 2238 1646 parti
2271 1562 2461 1626 laesae
2490 1585 2610 1625 non
2675 1560 2677 1563 ’

525 1675 668 1738 licet
698 1675 769 1738 de
798 1674 905 1738 lite
943 1675 1261 1761 appellare,
1308 1677 1449 1760 quia
1492 1699 1660 1740 suam
1706 1698 1941 1740 causam
1980 1677 2053 1741 ab
2096 1679 2333 1741 actione
2376 1679 2608 1764 poenali

527 1790 862 1875 disjungere
906 1814 1028 1854 non
1071 1797 1283 1877 potest.
1333 1792 1599 1854 Tandem
1636 1792 1687 1854 si
1718 1792 2004 1855 facultate
2041 1792 2242 1855 mariti
2280 1794 2609 1878 indigeret,

526 1908 776 1971 maritus
814 1908 1089 1971 citandus
1135 1913 1286 1973 esset
1325 1931 1523 1972 coram
1558 1910 1763 1993 judice
1800 1909 2057 1994 poenali,
2094 1910 2256 1995 quod
2292 1933 2417 1973 non
2454 1912 2607 1975 licet.

613 2140 693 2201 In
736 2162 872 2201 eene
913 2138 1375 2219 reqtsvorderinq
1416 2144 1503 2199 tot
1541 2138 1981 2219 echtscheidinq
1998 2186 2011 2209 ,
2060 2146 2146 2200 tot
2168 2139 2473 2221 scheidiny
2496 2162 2607 2202 van

527 2258 693 2341 tafel
735 2279 808 2317 en
852 2258 962 2318 bed
1001 2258 1081 2339 of
1112 2279 1232 2318 van
1270 2258 1569 2337 qoederen.

613 2376 692 2437 In
749 2372 845 2435 his
905 2373 1137 2436 casibus
1195 2373 1397 2436 mariti
1458 2371 1769 2435 commoda
1826 2394 1949 2434 non
2007 2371 2199 2435 solum
2251 2372 2461 2434 uxoris
2508 2371 2607 2434 ad-

528 2497 838 2554 versantur
910 2492 1012 2555 sed
1073 2492 1351 2577 conjuges
1413 2492 1526 2555 sibi
1585 2491 1844 2553 invicem
1904 2497 2302 2577 opponuntur.
2395 2492 2603 2556 Facul-
2658 2547 2666 2557 .

524 2614 710 2672 tatem
734 2610 922 2694 igitur
943 2632 1170 2694 semper
1204 2616 1503 2673 recusaret
1540 2617 1601 2674 et
1643 2632 1829 2697 quum
1870 2609 2197 2695 praeberet,
2250 2609 2373 2672 doli
2412 2611 2601 2672 forsan

529 2727 895 2789 accusandus
939 2727 1108 2790 foret.

615 2844 691 2905 In
752 2841 974 2906 Codice
1034 2844 1099 2906 N
1102 2842 1474 2928 apoleontico
1532 2843 1648 2906 hoc
1706 2849 2085 2928 praeceptum
2145 2863 2267 2905 non
2320 2843 2606 2926 reperitur

528 2961 798 3045 quamvis
857 2982 930 3022 ex
989 2959 1257 3023 articulis
1317 2964 1477 3036 865,
1539 2963 1697 3034 875,
1760 2963 1883 3023 878
1946 2959 2093 3022 Cod.
2155 2959 2251 3022 Fr.
2299 2959 2371 3022 de
2419 2958 2602 3022 Meth.

528 3097 686 3160 proc.
738 3074 804 3136 in
863 3072 1036 3135 Caus.
1084 3072 1213 3134 Civ.
1262 3071 1641 3134 concluderes
1686 3071 1869 3135 hocce
1913 3073 1979 3134 in
2024 3095 2166 3136 casu
2207 3072 2603 3158 legislatorem

527 3190 873 3254 facultatem
917 3211 1040 3252 non
1083 3189 1404 3272 requirere,
1449 3188 1552 3251 sed
1581 3194 1818 3252 tantum
1850 3191 2270 3253 auctoritatem
2308 3190 2603 3253 Praesidis
2675 3273 2677 3276 y

530 3306 888 3371 Tribunalis.
943 3305 1082 3368 Hoc
1124 3304 1479 3388 requisitum
1526 3311 1586 3368 et
1631 3306 1788 3390 apud
1830 3329 1939 3368 nos
1984 3307 2269 3370 remansit
2315 3307 2390 3369 ad
2420 3306 2603 3370 bono·
2675 3291 2677 3296 ’

529 3447 662 3488 rum
695 3424 1081 3508 separationis
1113 3423 1410 3486 actionem
1445 3423 1876 3486 instituendam
1900 3424 2227 3487 secundum
2255 3431 2363 3487 art.
2391 3429 2519 3487 804
2550 3431 2605 3486 et

533 3545 656 3604 821
691 3540 836 3604 Cod.
870 3540 999 3603 Civ.
1033 3540 1104 3603 de
1139 3537 1328 3602 Meth.
1360 3561 1521 3623 proc.
1556 3539 1621 3601 in
1646 3539 1819 3602 CauS.
1868 3539 1996 3602 Civ.
2045 3540 2312 3603 Tandem
2356 3540 2604 3604 facultas

530 3658 732 3722 mariti
776 3680 900 3720 non
941 3656 1267 3742 requiritur
1308 3656 1374 3718 in
1422 3678 1564 3718 casu
1608 3661 1715 3719 art.
1752 3660 1914 3721 1217
1936 3707 1951 3733 ,
1993 3659 2027 3740 ᾧ
2070 3662 2142 3735 4,
2188 3658 2291 3722 ubi
2323 3658 2601 3744 legimus:

539 3801 568 3830 u
590 3774 686 3836 De
727 3771 1067 3858 getrouwde
1112 3791 1312 3833 vrouw
1357 3769 1541 3833 welke
1585 3769 1665 3854 bij
1712 3770 2135 3854 huweliJksche
2191 3774 2605 3836 voorwaardeu

540 3919 570 3945 n
589 3890 926 3976 hypotheek
984 3888 1146 3951 heeft
1203 3887 1514 3972 bedongen
1531 3938 1546 3964 ,
1600 3888 1721 3950 kan
1768 3889 1985 3953 zonder
2030 3891 2143 3953 den
2188 3891 2452 3974 bijstand
2492 3914 2606 3955 van

538 4037 569 4062 n
589 4007 771 4071 haren
807 4030 946 4070 man
977 4007 1043 4070 of
1077 4006 1149 4068 de
1187 4006 1525 4090 magtiging
1556 4028 1668 4068 van
1702 4006 1814 4068 den
1845 4012 2042 4090 regter
2080 4007 2151 4069 de
2187 4005 2605 4092 hypothecaire

537 4153 570 4182 n
587 4124 830 4208 inschrij
845 4126 1057 4209 vingen
1115 4122 1624 4208 bewerkstelligen
1684 4146 1755 4185 en
1818 4124 1889 4186 de
1936 4123 2263 4188 vereischte
2308 4133 2605 4210 regtsvor-

539 4271 569 4298 u
592 4242 874 4326 deringen
920 4240 1160 4301 daartoe
1206 4238 1545 4322 aanleggen.
1571 4264 1602 4294 rt
