2788 5114
1454 346 1536 403 50

443 513 798 592 potestatem
853 533 978 574 sese
1043 511 1346 596 obligandi
1390 515 1638 598 recipiat
1684 519 1861 598 atque
1898 515 2089 599 igitur
2126 515 2561 601 exceptionem

446 626 841 690 renuntiando
895 633 1139 712 putetur
1183 649 1407 691 novum
1436 629 1591 691 inire
1626 634 2022 692 contractum.
2053 629 2151 692 Ex
2188 629 2302 692 hac
2336 630 2562 692 mulie-

447 742 532 805 ris
602 742 1046 806 renuntiatione
1117 750 1316 807 autem
1389 744 1659 828 sequitur
1681 795 1697 821 ‚
1762 745 1953 830 ipsam
2006 745 2349 808 nullitatem
2426 768 2564 810 non

445 862 700 947 amplius
741 869 802 928 et
852 862 925 927 ab
967 861 1281 926 heredibus
1324 864 1590 927 invocari
1643 887 1844 949 posse,
1894 866 2037 949 quia
2071 866 2175 950 jus
2222 866 2295 930 ab
2348 888 2416 930 ea
2462 889 2565 930 re-

447 978 682 1063 cipiunt
725 982 787 1039 et
814 999 987 1040 nemo
1029 977 1164 1063 plus
1198 979 1353 1061 juris
1410 979 1475 1042 in
1519 980 1705 1042 alium
1746 981 2063 1044 transferre
2098 988 2327 1066 potest,
2370 1005 2565 1067 quam

457 1093 586 1179 ipse
661 1090 853 1156 habet.
920 1092 1174 1178 Insuper
1237 1115 1376 1158 vero
1446 1099 1507 1156 et
1572 1117 1649 1156 ex
1713 1094 2240 1160 deliberationibus
2308 1103 2567 1183 apparet

456 1232 644 1293 quum
700 1208 1005 1293 legislator
1061 1207 1178 1272 hoc
1251 1209 1322 1273 de
1398 1210 1650 1274 articulo
1722 1211 2066 1296 respondit:
2139 1240 2172 1271 n
2192 1213 2449 1278 Comme
2503 1213 2567 1277 la

459 1353 490 1380 n
509 1326 724 1388 femme
766 1324 912 1388 dans
954 1324 1010 1388 le
1053 1347 1152 1390 cas
1197 1325 1270 1388 de
1321 1330 1417 1388 cet
1468 1325 1675 1388 article
1724 1325 1823 1388 n'a
1864 1349 1970 1411 pas
2023 1326 2077 1388 le
2129 1327 2293 1392 droit
2336 1327 2564 1392 d'atta-

459 1469 490 1496 n
510 1463 654 1525 quer
697 1440 755 1503 la
795 1439 1040 1526 legalite
1083 1440 1154 1503 de
1197 1439 1368 1502 l'acte
1411 1438 1458 1502 il
1504 1445 1595 1502 est
1647 1439 1795 1502 clair
1844 1463 1961 1524 que
2012 1463 2103 1504 ses
2154 1441 2437 1506 heritiers
2484 1464 2567 1505 ne

461 1586 494 1614 n
513 1558 568 1622 le
608 1564 870 1643 peuvent
909 1581 1014 1643 pas
1059 1557 1131 1620 de
1175 1559 1368 1620 meme
1386 1583 1421 1616 o
1470 1556 1537 1641 1).

450 1795 609 1866 Art.
669 1797 831 1866 173.
887 1793 1000 1864 De
1051 1818 1310 1865 vrouw
1361 1794 1510 1866 kan
1564 1793 1841 1866 zonder
1894 1796 2365 1895 bewilliging
2401 1821 2567 1868 van

550 1926 778 1999 haren
848 1951 1025 1999 man
1086 1926 1392 1998 uiterste
1444 1927 2191 2026 wilsbeschikkingen
2254 1931 2560 2002 maken.

540 2131 582 2192 J
583 2153 688 2194 ure
723 2153 987 2216 rogareS‚
1027 2153 1132 2193 cur
1168 2135 1228 2194 et
1271 2129 1386 2194 hoc
1423 2129 1730 2216 legislator
1775 2135 2134 2219 praeceperit
2178 2134 2319 2217 quia
2357 2141 2567 2198 morte

451 2249 657 2312 uxoris
708 2270 943 2310 omnem
993 2247 1193 2310 mariti
1252 2252 1609 2332 potestatem
1665 2249 1731 2311 in
1791 2271 1921 2312 eam
1970 2249 2105 2313 tolli
2166 2273 2242 2312 ex
2298 2249 2385 2313 rei
2442 2273 2566 2314 na-

449 2369 586 2428 tura
629 2365 898 2449 sequitur
913 2414 928 2441 ,
981 2369 1157 2447 atque
1206 2364 1398 2448 igitur
1462 2365 1726 2428 actiones
1792 2387 1943 2449 quae
1996 2388 2065 2429 eo
2118 2372 2356 2429 tantum
2417 2389 2567 2430 mo-

452 2485 654 2544 mento
700 2480 888 2544 valere
924 2487 1174 2566 possunt
1190 2531 1205 2559 ,
1249 2481 1374 2565 ejus
1420 2503 1713 2545 consensu
1756 2505 1876 2546 non
1914 2485 2198 2569 indigere.

539 2600 618 2662 In
663 2600 996 2685 Specimine
1042 2599 1286 2662 Codicis
1341 2604 1509 2664 1820
1578 2601 1737 2664 idem
1794 2624 1916 2665 non
1961 2609 2087 2667 erat
2128 2606 2521 2689 praeceptum
2544 2654 2560 2680 ‚

450 2716 614 2800 quod
673 2738 810 2779 vero
875 2716 1060 2779 sectio
1129 2720 1296 2778 sexta
1363 2715 1665 2778 Ordinum
1724 2716 2105 2780 Generalium
2189 2716 2571 2781 desideravit

455 2832 706 2895 dicendo
749 2859 782 2890 a
802 2834 905 2895 dat
962 2831 1042 2916 bij
1100 2832 1281 2895 dezen
1333 2832 1469 2896 titel
1521 2832 1817 2897 behoorde
1868 2834 2137 2919 gevoegd
2194 2840 2257 2898 te
2307 2835 2569 2899 worden

462 2974 492 3001 rt
513 2948 584 3011 de
626 2947 903 3034 bepaling
946 2971 1060 3012 van
1104 2954 1210 3012 art.
1260 2953 1416 3026 226,
1463 2948 1529 3012 G.
1576 2950 1702 3013 Qu
1752 2952 1819 3034 1).

541 3064 681 3128 Hoc
731 3071 930 3129 autem
971 3071 1348 3149 praeceptum
1389 3066 1456 3128 in
1520 3066 1744 3131 Codice
1795 3069 1862 3131 N
1863 3068 2235 3153 apoleontico
2294 3068 2566 3153 reperie-

448 3182 642 3260 batur,
677 3182 820 3266 quia
852 3183 953 3266 jus
991 3182 1583 3246 consuetudinarium
1626 3184 1985 3267 (coutumes)
2028 3184 2524 3249 Normandicum
2548 3238 2567 3265 ‚

450 3298 907 3384 Burgundicum
921 3348 938 3373 ‚
979 3298 1350 3361 Nivernense
1398 3304 1459 3361 et
1494 3298 1921 3362 Borbonnense
1966 3300 2332 3363 contrarium
2376 3322 2569 3385 prae-

453 3419 736 3501 ceperunt
771 3434 1024 3497 quorum
1070 3412 1284 3497 prioris
1323 3417 1431 3475 art.
1470 3415 1593 3475 417
1628 3413 1715 3475 sic
1752 3412 1975 3497 leg-itur
2024 3414 2283 3476 nfemme
2327 3415 2567 3480 mariee

461 3556 586 3597 nne
627 3537 772 3618 peut
815 3537 998 3595 tester
1042 3530 1330 3594 d'aucune
1375 3528 1585 3607 chose,
1640 3530 1732 3593 s'il
1781 3553 1857 3594 ne
1908 3531 1995 3595 lui
2048 3538 2140 3595 est
2179 3534 2401 3618 permis
2444 3556 2569 3618 par

462 3676 494 3707 n
515 3669 625 3711 son
665 3646 812 3709 mari
866 3667 948 3708 ou
1003 3666 1120 3729 que
1175 3666 1282 3729 par
1339 3666 1448 3706 son
1507 3644 1689 3707 traite
1748 3645 1819 3708 de
1877 3646 2137 3731 mariage
2196 3646 2240 3709 il
2294 3670 2369 3711 ne
2430 3653 2567 3715 soit

463 3792 496 3821 n
514 3764 665 3828 ainsi
717 3784 1001 3827 convenu.
1026 3788 1056 3818 u

543 3904 586 3981 1)
633 3905 956 3974 Voorduin,
1005 3925 1056 3962 0.
1104 3905 1140 3963 1.
1188 3904 1265 3961 II.
1318 3908 1457 3961 290.

543 4011 587 4095 ¹)
630 4020 952 4088 Voorduin,
1001 4038 1052 4076 ο.
1100 4020 1136 4076 l.
1184 4019 1261 4075 II.
1314 4022 1451 4076 291.

1351 4269 1653 4308 'PANTl‘M.
