2788 5114
1474 346 1554 405 42

464 514 802 599 legislatore
861 514 1219 579 enumeratis
1280 517 1413 599 (art.
1476 518 1645 579 2063
1709 516 1857 579 (30(1.
1906 515 1971 578 N
1973 516 2088 600 ap.)
2136 520 2198 579 et
2240 512 2405 577 hunc
2458 534 2562 574 ca-

470 652 602 695 sum
645 652 769 693 nou
810 631 1066 695 inveniri
1090 681 1104 707 ‚
1149 652 1336 715 quum
1379 632 1621 715 insuper
1678 632 1743 694 in
1802 622 2075 695 Concilio
2158 631 2367 693 Status
2437 650 2565 691 res-

464 767 718 831 ponsum
755 752 844 812 est
887 745 1030 809 huic
1082 747 1459 830 quaestioni3
1514 747 1801 833 scriptum
1866 747 2054 831 (akte)
2074 798 2089 825 ‚
2134 747 2297 830 qnod
2348 766 2564 808 manus

465 860 846 946 injectionem
907 862 1176 927 continet
1192 914 1208 940 ‚
1252 868 1489 926 tantum
1534 886 1660 925 eam
1723 883 2038 948 personam,
2084 861 2347 946 obligare
2411 884 2565 945 quae

468 982 884 1069 subscripserit
927 987 976 1068 9)
1025 1008 1204 1071 quam
1248 985 1527 1049 ultimam
1570 984 1927 1051 sententiam
1972 984 2272 1047 curiarum
2323 988 2561 1047 senten-

468 1098 589 1163 tiae
633 1101 1008 1165 affirmarunt
1055 1101 1145 1184 ¹⁰).

551 1216 734 1288 Quod
785 1218 860 1281 ad
917 1224 1151 1282 nostros
1201 1218 1579 1303 jurisperitos
1637 1219 1891 1303 priorem
1943 1217 2297 1281 sententiam
2360 1216 2561 1279 defen-

468 1334 620 1401 dunt
685 1336 861 1399 00113.
928 1334 1202 1399 Schiiller
1261 1335 1335 1418 ¹¹)
1383 1341 1443 1399 et
1491 1335 1765 1399 Vernede
1819 1335 1891 1419 ¹²)
1947 1334 2191 1399 alteram
2207 1382 2221 1409 ‚
2271 1331 2448 1395 Cons.
2489 1331 2561 1394 dc

466 1452 650 1517 Pinto
718 1454 789 1535 13)
859 1452 1155 1538 Diephuis
1215 1454 1287 1535 ¹⁴)
1355 1459 1416 1517 et
1480 1452 1750 1517 Matthes
1792 1452 1862 1535 ¹⁵)
1902 1473 2051 1536 quae
2096 1456 2156 1515 et
2199 1454 2407 1513 nostra
2452 1452 2558 1511 est.

471 1569 696 1633 Noster
739 1569 1027 1633 articulus
1069 1569 1230 1633 enim
1271 1570 1595 1634 translatus
1640 1576 1731 1634 est
1774 1592 1805 1633 e
1849 1568 2072 1632 Codice
2117 1564 2559 1652 Napoleontico

468 1691 529 1751 et
588 1686 944 1772 legislatoris
1002 1687 1358 1750 sententiam
1416 1688 1542 1771 jam
1607 1708 1785 1772 supra
1849 1686 2123 1749 vidimus
2185 1682 2361 1746 Dicit
2423 1680 2557 1764 qui-

472 1801 600 1867 dem
628 1851 643 1877 ‚
713 1802 996 1864 maritum
1063 1801 1269 1864 uxoris
1327 1801 1504 1865 factis
1556 1801 1745 1865 teneri
1768 1850 1784 1879 ‚
1842 1800 2088 1862 minime
2154 1819 2291 1862 vero
2352 1797 2557 1861 eodem

469 1918 648 1981 modo
721 1918 856 2003 cogi
931 1939 1101 2003 posse
1172 1924 1244 1981 ut
1316 1924 1658 1982 contractus
1730 1923 2162 2001 exsequeretur.
2228 1918 2361 1980 Art.
2429 1920 2555 1979 586

469 2035 626 2099 enim
679 2033 826 2098 Ood.
863 2034 994 2097 Civ.
1040 2034 1112 2097 de
1165 2033 1356 2098 Meth.
1416 2056 1572 2119 proc.
1624 2034 1689 2096 in
1749 2055 1904 2096 caus,
1966 2034 2076 2097 civ.
2116 2032 2298 2111 dicit,
2347 2056 2557 2095 manus

478 2151 862 2235 injectionem
926 2152 1186 2214 exerceri
1251 2157 1492 2237 propter
1562 2150 1761 2214 debita
1823 2150 2172 2213 mercatoria
2234 2148 2429 2213 solum
2490 2150 2555 2211 in

470 2273 824 2333 mercatores
868 2272 929 2330 et
969 2268 1036 2330 in
1071 2266 1306 2331 casibus
1351 2272 1388 2329 2
1402 2317 1418 2344 ,
1464 2269 1500 2329 3
1545 2271 1606 2330 et
1650 2270 1705 2329 4.
1750 2265 1913 2329 illius
1950 2265 2219 2343 articuli,
2261 2266 2422 2329 inter
2456 2287 2556 2328 eos

472 2384 574 2449 hic
629 2406 753 2447 non
811 2389 1188 2447 enumeratur
1241 2389 1302 2446 et
1352 2382 1515 2465 quod
1565 2383 1783 2447 attinet
1836 2382 1912 2445 ad
1961 2383 2220 2467 primum
2236 2432 2250 2459 ‚
2293 2383 2553 2469 primum

468 2499 824 2582 requisitum
885 2498 1048 2583 quod
1119 2504 1411 2562 mercator
1475 2498 1682 2564 debeat
1744 2521 1869 2563 esse
1899 2550 1913 2578 ‚
1987 2522 2110 2562 non
2175 2499 2343 2564 adest
2414 2500 2553 2584 quia

471 2615 722 2680 maritus
765 2637 890 2679 non
931 2620 1036 2680 oet.
1074 2617 1205 2679 Art.
1253 2619 1376 2682 585
1413 2615 1675 2698 ejusdem
1704 2614 1949 2678 Codicis
1983 2615 2163 2693 dicit,
2208 2637 2418 2680 manus
2460 2616 2549 2678 in-

463 2733 788 2818 jectionem
829 2738 1066 2797 tantum
1109 2733 1367 2796 exerceri
1423 2732 1489 2794 in
1542 2725 1775 2796 casibus
1827 2757 1861 2800 a
1917 2733 2253 2818 legislatore
2316 2756 2549 2797 enume-

467 2850 614 2914 ratis
630 2899 646 2927 ‚
689 2850 851 2934 quod
892 2872 1077 2933 quum
1120 2849 1344 2912 factum
1389 2871 1513 2912 non
1570 2855 1661 2913 est
1718 2855 1779 2913 et
1829 2849 1931 2914 hic
1983 2850 2367 2914 exercendam
2429 2873 2549 2914 non

470 2988 594 3031 esse
636 2987 954 3030 censemus,
999 2965 1342 3029 Sententiae
1397 2965 1695 3028 curiarum
1742 2965 1816 3047 1⁴³)
1881 2966 2239 3030 confirmant
2282 2967 2550 3031 ultimam

463 3084 843 3149 sententiam.

555 3199 732 3262 Cous,
787 3196 1083 3282 Diephuis
1143 3197 1214 3278 ¹⁷)
1275 3202 1451 3282 putat
1480 3249 1495 3276 ,
1557 3197 1910 3283 conjugibus
1976 3221 2177 3264 mensa
2236 3222 2307 3264 ac
2380 3200 2551 3265 thoro

585 3421 632 3506 ⁹)
675 3431 884 3500 Locre,
933 3451 983 3489 ο.
1031 3431 1066 3488 1.
1115 3433 1221 3490 ΠΙ.
1275 3437 1412 3488 509.

562 3533 632 3612 10)
674 3536 924 3604 Pailliet,
973 3555 1024 3593 ο.
1072 3536 1108 3592 l.
1156 3535 1228 3593 ad
1273 3541 1373 3592 art.
1426 3539 1563 3592 220.
1613 3542 1679 3592 n⁰
1732 3537 1783 3595 7.

559 3638 632 3715 11)
679 3660 730 3697 0.
777 3640 813 3697 1.
863 3640 935 3696 ad
980 3645 1080 3696 art.
1133 3642 1271 3695 168.

563 3743 636 3820 ¹²)
683 3763 734 3801 ο.
781 3743 819 3801 1.
867 3742 939 3800 ad
984 3748 1084 3799 art.
1140 3746 1274 3799 168.

561 3847 635 3923 13)
681 3866 733 3904 o.
781 3846 816 3903 1.
864 3846 940 3902 ΙΙ.
994 3849 1088 3902 86.

563 3949 633 4025 ¹4)
679 3970 730 4006 0.
777 3950 814 4006 l.
864 3952 1004 4006 366.

563 4054 634 4129 ¹⁵)
678 4053 829 4110 Diss,
877 4053 912 4108 1.
965 4054 1061 4108 30.

563 4156 633 4232 16)
677 4153 863 4224 Leon,
914 4176 965 4211 0.
1013 4156 1047 4212 l.
1098 4154 1170 4210 ad
1215 4159 1314 4210 art.
1371 4157 1506 4209 168.
1556 4160 1619 4209 11Ο
1670 4156 1721 4208 2.

567 4259 634 4333 ¹⁷)
681 4279 730 4315 0.
781 4260 815 4314 l.
868 4263 1003 4315 368.
