2788 5114
1200 341 1274 399 :31

189 509 407 574 debere
467 532 602 573 cum
671 510 915 573 muliere
981 516 1324 574 contractus
1393 510 1545 573 inire
1604 509 1794 573 aliove
1853 511 2029 574 modo
2088 533 2277 596 agere.

191 626 355 689 Cum
399 649 472 690 eo
523 648 645 689 non
687 627 939 689 facimus
981 627 1126 709 quia
1177 624 1294 688 hoc
1339 625 1581 689 difficile
1622 626 1789 688 factu
1832 631 1937 689 est.
1984 626 2052 688 Si
2098 626 2277 687 mari-

190 746 300 804 tus
367 741 525 804 enim
607 764 881 825 magnam
958 740 1256 804 inhabitet
1335 742 1541 805 urbem
1558 790 1574 818 ‚
1648 764 1851 804 omnes
1922 747 2278 805 mercatores

188 864 435 921 moneat
477 880 714 921 necesse
758 864 848 922 est
870 909 885 935 ‚
952 858 1172 943 alioqui
1218 858 1380 921 omni
1426 860 1644 921 effectu
1686 864 1848 922 caret
1890 864 1953 922 et
1990 860 2041 921 si
2085 880 2277 921 novus

187 970 500 1035 advenerit
551 973 756 1036 statim
801 973 1214 1036 communicet.
1269 972 1561 1036 Putamus
1623 994 1758 1035 cum
1810 972 1988 1035 Cous,
2048 972 2274 1057 Levys-

183 1086 346 1151 sohn
388 1089 472 1171 4),
533 1088 830 1174 Diephuis
888 1090 936 1171 ⁵)
983 1094 1046 1152 et
1092 1089 1162 1152 de
1207 1089 1389 1153 Pinto
1434 1089 1482 1171 6)
1528 1111 1698 1165 eum,
1742 1111 1817 1151 ex
1852 1088 2127 1173 analogia
2162 1094 2271 1153 art.

187 1208 319 1268 168
338 1256 353 1282 ‚
385 1227 513 1269 eam
545 1205 950 1268 rescissionem
984 1204 1286 1290 publicare
1317 1205 1525 1268 debere
1556 1211 1616 1268 et
1650 1203 1768 1268 hoc
1810 1227 1933 1267 non
1952 1204 2073 1268 alio
2094 1206 2273 1270 modo

179 1323 318 1385 fieri
361 1345 530 1407 posse
573 1323 745 1386 nobis
791 1322 1027 1385 videtur
1070 1344 1249 1406 quam
1292 1322 1357 1385 in
1402 1321 1889 1407 ephemeridibus,

273 1438 590 1503 Sententia
648 1460 786 1502 vero
845 1437 1061 1501 Curiae
1114 1436 1466 1499 Provinciae
1512 1435 1747 1499 Gelriae
1764 1486 1779 1513 ‚
1825 1436 1921 1499 die
1983 1440 2059 1500 31
2120 1436 2273 1522 Maji

183 1561 362 1621 1848
444 1560 641 1619 exstat
703 1578 822 1640 qua
877 1554 1221 1639 judicatur:
1296 1580 1326 1610 tr
1348 1552 1476 1617 Dat
1541 1552 1645 1616 het
1710 1554 1775 1616 in
1833 1575 1941 1616 een
2018 1554 2273 1639 dagblad

187 1702 221 1731 u
241 1673 511 1759 plaatsen
559 1695 672 1735 van
719 1694 1014 1735 annonces
1035 1721 1051 1749 ,
1097 1671 1317 1733 waarin
1362 1670 1434 1733 de
1478 1692 1618 1733 man
1663 1691 1769 1733 een
1804 1670 2052 1755 icgelIJk
2088 1694 2271 1735 waar-

187 1817 220 1843 π
241 1788 480 1853 schnwt
495 1841 510 1867 ‚
570 1812 669 1852 om
722 1812 833 1851 aan
893 1792 1046 1871 zijne
1105 1809 1308 1850 vrouw
1363 1808 1515 1871 geen
1560 1786 1783 1850 crediet
1825 1792 1887 1850 te
1932 1787 2239 1851 verleenen
2255 1839 2269 1864 ‚

188 1934 222 1961 n
241 1908 398 1971 door
457 1907 530 1969 de
588 1912 701 1969 wet
758 1906 885 1969 niet
942 1906 995 1967 is
1055 1924 1459 1987 aangenomen
1518 1901 1603 1965 als
1660 1902 1855 1986 grond
1900 1924 2130 1988 waarop
2174 1909 2270 1968 tot

187 2052 220 2077 n
240 2023 350 2087 het
394 2022 713 2087 intrekken
761 2022 862 2084 der
906 2022 970 2083 in
1014 2027 1122 2083 art.
1164 2024 1288 2082 164
1332 2020 1404 2082 B.
1451 2018 1549 2080 W.
1594 2018 1873 2082 bedoelde
1910 2018 2270 2105 inwilliging

181 2167 215 2193 n
235 2140 345 2203 des
409 2162 577 2203 mans
641 2144 802 2201 moet
867 2137 1104 2199 worden
1169 2135 1435 2199 beslotcn
1502 2134 1569 2217 ⁷).
1594 2161 1625 2191 n
1702 2134 1906 2198 Haccc
1972 2138 2268 2200 sententia

173 2257 357 2321 nobis
411 2255 731 2338 rejicienda
795 2253 1033 2317 videtur
1090 2254 1232 2337 quia
1296 2252 1499 2315 nullus
1560 2252 1712 2315 alius
1768 2253 1983 2316 modus
2032 2260 2230 2319 exstat
2248 2304 2265 2332 ‚

173 2396 294 2438 nec
345 2374 560 2457 cuique
610 2372 753 2437 licet
796 2371 1023 2456 aliquid
1066 2370 1367 2456 publicare
1425 2371 1493 2433 in
1550 2369 1713 2447 loco,
1765 2392 1885 2454 quo
1944 2370 2071 2433 fieri
2116 2372 2268 2437 solet

173 2493 244 2555 in
291 2491 596 2555 tribunali.

169 2831 336 2904 Art.
385 2831 547 2902 165.
587 2829 699 2902 De
735 2853 994 2900 vrouw
1019 2829 1167 2901 kan
1202 2829 1358 2901 niet
1386 2830 1467 2900 in
1500 2837 1765 2926 regten
1809 2826 2266 2924 verschijnen

283 2959 559 3032 zonder
611 2958 935 3056 bijstand
972 2984 1118 3030 van
1153 2958 1380 3032 haren
1422 2985 1595 3034 man
1617 3017 1635 3052 ,
1672 2961 1744 3032 al
1782 2960 1843 3032 is
1879 2959 1968 3056 zij
2007 2959 2265 3032 buiten

282 3092 816 3192 gemeenschap
837 3117 979 3163 van
1002 3092 1370 3190 goederen
1388 3093 1811 3191 getrouwd‚
1840 3093 2077 3164 ofvan
2098 3115 2264 3189 goe-

285 3224 511 3297 deren
538 3224 976 3322 gescheiden
996 3282 1014 3315 ,
1053 3225 1137 3297 of
1162 3251 1338 3299 eene
1375 3227 1744 3323 openbare
1780 3227 2260 3322 koopvrouw.

263 3471 471 3533 Primo
531 3469 815 3555 adspectu
870 3469 986 3534 hoc
1038 3471 1359 3535 articulum
1416 3471 1575 3534 idem
1636 3473 1973 3556 significare
2025 3471 2261 3535 videtur

168 3610 243 3652 ac
307 3589 341 3670 ᾧ
414 3591 450 3648 2
527 3586 762 3650 articuli
832 3590 954 3650 160
974 3637 988 3664 ‚
1048 3587 1150 3650 sed
1207 3609 1393 3672 quum
1454 3587 1789 3650 accuratius
1847 3587 2231 3672 inspiciamus
2246 3635 2261 3664 ,

253 3834 304 3905 4)
348 3829 603 3898 ThemiS,
649 3829 729 3899 X,
783 3833 919 3886 665.

255 3967 305 4038 ⁵)
352 3982 404 4020 0.
451 3963 488 4019 1.
539 3966 677 4021 362.

252 4101 301 4171 6)
344 4095 729 4172 Handleiding
770 4101 856 4153 tot
899 4097 992 4154 het
1035 4096 1349 4172 Burgerlijk
1393 4096 1668 4153 Wetboek
1686 4141 1699 4164 ,
1748 4096 1808 4152 II
1825 4143 1838 4164 ‚
1893 4100 1987 4152 86.

255 4236 302 4305 7)
347 4230 536 4299 Leon,
585 4252 636 4289 0.
681 4233 721 4288 l.
771 4233 838 4288 ad
887 4253 933 4288 a.
991 4235 1122 4288 164.
