2788 5114
1252 329 1329 388 13

246 523 278 551 ιι
299 501 504 560 manet
567 494 858 560 humanae
931 502 1176 561 naturae
1256 498 1518 584 dignitas
1535 549 1549 576 ,
1623 520 1773 582 quae
1837 499 2111 564 omnibus
2190 500 2319 564 sine

244 641 278 668 ιι
296 621 578 699 respectu
627 614 702 677 ad
770 637 978 677 sexum
1041 615 1277 701 propria
1341 622 1433 680 est
1495 637 1789 700 quamque
1831 616 2043 679 mulier
2099 617 2227 700 eonj
2235 639 2321 679 ux

242 757 276 785 ιι
297 727 464 792 haud
509 727 794 812 deponere
810 778 826 805 ,
873 728 1052 791 vidua
1093 751 1214 791 non
1265 729 1520 816 recipere
1562 736 1775 817 potest.
1798 758 1829 790 ιι

328 843 416 906 Et
458 843 658 928 paullo
687 849 854 928 post:
904 869 936 901 ιι
957 843 1104 907 Νο11
1133 851 1330 908 autem
1366 847 1695 911 necessario
1741 848 2011 932 sequitur
2052 852 2122 911 ut
2162 848 2319 912 inito

241 987 274 1014 ιι
294 960 683 1022 matrimonio
727 959 939 1022 mulier
982 961 1088 1024 fiat
1130 983 1264 1045 pars
1305 961 1564 1024 familiae
1613 963 1751 1041 viri;
1797 984 1828 1025 e
1874 962 2171 1026 contrario
2230 961 2317 1024 nil

240 1103 272 1132 ιι
295 1075 501 1140 obstat
542 1098 720 1160 quare
762 1099 872 1140 1100
907 1076 1007 1140 ille
1049 1101 1183 1162 pars
1226 1077 1483 1142 familiae
1526 1079 1789 1142 mulieris
1836 1081 1941 1142 fiat
1985 1079 2087 1142 sed
2146 1101 2315 1168 sepa-⁵

239 1220 273 1248 ιι
293 1198 490 1255 ratam
535 1193 904 1256 constituant
944 1193 1230 1256 familiam
1271 1193 1374 1257 ubi
1420 1199 1593 1258 antea
1640 1194 1819 1258 nulla.
1864 1194 2119 1258 Etiamsi
2178 1215 2318 1257 vero

242 1337 274 1364 ιι
297 1309 662 1373 concedatur
721 1333 850 1374 eam
905 1312 1106 1375 mariti
1162 1312 1420 1375 familiae
1477 1319 1705 1397 partem
1748 1313 1874 1376 fieri
1891 1364 1906 1391 ,
1950 1335 2073 1376 non
2116 1318 2315 1376 tamen

240 1453 273 1482 ιι
292 1425 438 1489 inde
468 1427 764 1509 sequitur,
795 1428 1074 1490 maritum
1115 1427 1250 1490 ideo
1280 1450 1408 1491 esse
1442 1428 1706 1492 mulieris
1738 1434 1914 1515 eaput
1964 1430 2029 1492 in
2073 1451 2317 1513 eamque

241 1572 273 1600 ιι
293 1542 512 1607 habere
555 1542 796 1627 aliquod
837 1543 1150 1628 imperium
1191 1543 1564 1607 eminentius,
1588 1570 1620 1601 ιι

327 1661 499 1722 Inter
576 1658 684 1723 has
765 1659 910 1722 duas
989 1661 1310 1724 sententias
1392 1666 1591 1724 autem
1671 1662 1982 1724 veritatem
2060 1661 2315 1746 positam

234 1797 367 1838 esse
429 1775 859 1838 contendimus,
927 1777 1308 1839 Affirmamus
1372 1776 1531 1838 enim
1589 1775 1733 1838 olim
1805 1777 1995 1860 majus
2055 1775 2321 1860 corporis

231 1891 420 1955 robur
494 1891 606 1954 viri
673 1891 914 1974 ejusque
973 1891 1154 1952 animi
1225 1889 1649 1975 praestantiam
1722 1891 1926 1952 uxoris
2007 1889 2314 1955 dominum

232 2007 449 2071 fecisse
485 2012 545 2070 et
586 2012 792 2093 postea
849 2005 966 2070 1100
1023 2011 1281 2090 systema
1338 2029 1372 2068 a
1421 2005 1651 2090 legibus
1709 2007 2124 2070 confirmatum
2174 2029 2315 2070 esse.

233 2125 403 2187 Utut
453 2128 581 2202 est,
639 2145 813 2187 nemo
862 2121 1158 2185 dubitabit
1201 2122 1344 2206 quin
1390 2122 1469 2184 sit
1511 2122 1659 2185 utile
1700 2121 2074 2207 principium.
2127 2121 2315 2186 Facto

232 2241 605 2305 matrimonii
662 2241 867 2303 extitit
932 2262 1088 2303 nova
1146 2261 1397 2324 persona
1418 2289 1433 2316 ,
1493 2239 1719 2301 familia
1769 2237 1863 2301 vel
1918 2244 1989 2301 ut
2046 2238 2148 2301 alii
2204 2261 2314 2324 pu-

233 2361 372 2422 tant
436 2378 592 2420 nova
656 2357 904 2419 societas
921 2406 936 2433 ,
999 2361 1250 2439 utraque
1322 2360 1522 2418 tamen
1588 2354 1779 2440 eapite
1834 2355 2095 2440 indiget,
2154 2354 2315 2439 quod

230 2497 344 2561 pro
411 2496 664 2560 persona
728 2478 788 2536 et
853 2473 1138 2537 societate
1202 2477 1340 2559 agat
1398 2478 1497 2548 ut,
1559 2473 1610 2535 si
1666 2473 1825 2536 inter
1882 2495 1943 2536 se
2014 2478 2316 2560 pugnent,

229 2591 452 2655 tertius
509 2591 612 2673 qui
659 2611 796 2653 eum
852 2590 928 2653 iis
973 2595 1111 2675 agat
1132 2638 1147 2667 ,
1189 2588 1354 2651 nullo
1409 2589 1763 2652 detrimento
1823 2590 2127 2653 afficiatur.
2178 2589 2312 2653 Ma-

230 2708 390 2771 ritus
436 2711 635 2769 autem
677 2728 856 2790 quam
897 2706 1154 2767 maxime
1201 2703 1276 2767 ad
1318 2703 1435 2767 1100
1480 2708 1653 2789 aptus
1696 2710 1816 2783 est,
1862 2704 2003 2788 quia
2035 2703 2137 2767 ille
2209 2705 2314 2787 qui

233 2823 510 2909 quotidie
547 2846 685 2887 eum
727 2821 1069 2886 hominibus
1108 2826 1405 2898 versatur,
1465 2843 1565 2885 eos
1610 2821 1832 2906 optime
1883 2821 2081 2884 noscit
2138 2826 2317 2904 atque

229 2940 450 3004 melius
529 2940 893 3004 matrimonii
977 2938 1290 3002 commoda
1355 2960 1559 3001 curare
1629 2943 1828 3024 potest
1906 2959 2085 3022 quam
2160 2959 2315 3001 uxor

229 3058 406 3141 eujus
473 3079 770 3120 summum
832 3056 1056 3119 bonum
1117 3056 1181 3117 in
1246 3054 1473 3117 familia
1537 3054 1721 3117 situm
1764 3060 1870 3117 est.
1940 3054 2107 3117 Haec
2172 3076 2311 3117 vero

225 3178 496 3259 potestas
563 3173 805 3237 omnino
863 3195 984 3237 non
1044 3173 1392 3257 degenerare
1452 3170 1623 3235 debet
1688 3176 1748 3234 et
1812 3176 1883 3234 ut
1934 3170 2199 3234 'Pouflier
2261 3170 2309 3253 3)

215 3292 361 3375 jure
413 3288 828 3352 animadvertit
906 3310 1030 3351 esse
1101 3315 1132 3343 ιι
1151 3309 1236 3349 1111
1301 3287 1505 3351 devoir
1563 3286 1634 3349 de
1673 3285 2020 3373 ¹protection
2070 3292 2131 3349 et
2191 3307 2313 3350 non

231 3434 266 3465 ιι
286 3428 396 3491 pas
442 3405 856 3490 d'oppression.
868 3432 898 3461 ιι

317 3523 436 3584 Ale
489 3522 770 3604 zoodaniq
821 3521 1079 3583 verleent
1136 3521 1234 3607 lciy
1291 3542 1411 3582 caan
1466 3519 1632 3605 zz'yne
1688 3540 1881 3581 vrouw
1937 3518 2209 3605 bg'q'stand
2246 3519 2313 3581 in

221 3646 433 3721 reyten
447 3689 462 3716 ,
521 3641 602 3723 qf
645 3639 971 3725 vereekg'y'nt
1029 3640 1244 3701 aldaar
1302 3660 1439 3700 voor
1481 3638 1632 3699 haar
1646 3685 1661 3713 ‚
1708 3638 2031 3699 bekoudens
2074 3638 2145 3698 de
2187 3636 2312 3698 uit-

220 3754 622 3836 zonderinqen
664 3754 872 3815 hierna
916 3754 1293 3815 omsekreven.

315 3871 416 3935 Ex
461 3869 756 3956 principio
803 3868 964 3953 quod
1000 3867 1250 3931 maritus
1291 3867 1658 3931 matrimonii
1704 3872 1882 3952 caput
1911 3867 2021 3946 sit,
2060 3890 2315 3951 sequun-

211 3996 330 4057 tur
391 3986 519 4070 ejus
579 3987 773 4049 officia
829 4008 978 4069 quae
1036 3984 1153 4048 1100
1209 3984 1274 4047 in
1332 3984 1583 4048 articulo
1628 3983 2055 4047 describuntur.
2108 3983 2316 4047 Primo

319 4139 368 4214 3)
419 4136 497 4192 Le
543 4134 689 4191 droit
737 4134 865 4191 civil
904 4134 1141 4209 franqais
1185 4134 1407 4191 suivant
1447 4132 1649 4191 l'ordre
1695 4132 1772 4191 du
1816 4133 1955 4191 code
2000 4152 2099 4208 par
2144 4134 2315 4191 Toul-

411 4235 544 4303 lier,
590 4254 656 4291 110
706 4238 839 4293 615.
